4634 5788
1118 389 1189 402 exuti
1275 387 1295 403 ,ιι

1026 420 1030 430 h

409 512 497 589 Quod
522 513 637 578 attinet
659 511 700 576 ad
724 510 956 591 consilium,
980 531 1042 596 quo
1063 511 1096 575 in
1121 507 1353 577 conscribendo
1386 507 1495 575 libello
1525 509 1663 593 scriptor
1686 527 1763 572 usus
1791 507 1849 590 sit,
1883 507 2151 577 Froteeberus

304 617 415 704 (praei.
444 637 475 702 p.
503 613 549 700 6.)
578 621 671 700 putat
699 634 738 679 ex
767 614 826 679 hoc
852 633 976 700 quoque
1005 613 1085 680 libro
1119 614 1261 701 perspici
1288 633 1384 700 posse
1411 618 1607 698 quantopere
1634 609 1815 696 Xenophon
1847 609 2030 698 probaverit
2056 621 2151 699 atque

304 720 462 786 amaverit
484 738 554 784 eam
575 715 717 784 civitatis
740 717 888 799 formam,
913 719 946 782 in
969 737 1032 802 qua
1053 737 1214 782 summum
1238 717 1411 803 imparium
1434 736 1534 802 penes
1558 735 1656 782 unum
1673 717 1725 782 sit.
1761 717 1889 801 „Atque
1904 718 1959 784 vir
1983 719 2164 802 possedu·

303 823 408 904 bituri,
433 820 591 907 quiahoc
613 821 756 887 maxime
780 819 917 886 voluerit
940 819 1065 909 efficere
1088 821 1289 906 aequabilius
1312 827 1407 907 atque
1434 821 1634 888 constantius
1665 839 1736 886 sese
1764 839 1816 886 res
1849 819 2006 886 humanas
2033 820 2149 888 habere

304 947 405 1012 neque
429 924 517 992 aliud
539 924 603 992 alio
626 924 703 990 ferri
727 942 828 1008 neque
851 923 970 988 mutari
993 923 1103 990 omnia
1122 945 1160 989 ao
1179 925 1319 1006 misceri,
1343 927 1372 990 si
1395 922 1579 990 civitatibus
1602 925 1726 1006 regium
1750 923 1793 988 sit
1822 923 2065 1010 legitimumque
2087 927 2148 990 im-

303 1029 439 1115 perinm,
462 1047 557 1113 quam
581 1028 609 1094 si
632 1027 673 1092 ad
697 1027 867 1110 imperitae
890 1025 1107 1092 multitudinis
1130 1025 1299 1092 libidinem
1323 1025 1431 1092 autad
1450 1028 1623 1093 multorum
1640 1027 1878 1096 dominatorum
1894 1027 2078 1113 superbiam
2097 1051 2148 1094 res

302 1135 484 1216 regantrrr.“
530 1131 566 1196 ln
590 1131 702 1197 eadem
726 1132 792 1196 lere
816 1149 890 1196 eum
915 1129 937 1194 F
946 1128 1161 1195 rotsohero
1185 1129 1346 1195 sententia
1368 1135 1443 1194 sunt
1465 1129 1588 1213 Engel
1609 1129 1732 1214 (Progr.
1758 1129 1910 1214 Stargard
1935 1129 2019 1195 1853
2041 1149 2072 1214 p.
2097 1131 2148 1206 13)

283 1245 333 1332 ‚et
356 1237 564 1322 Sauppius
588 1238 699 1322 (praef.
724 1235 775 1302 ed.
796 1232 937 1300 Tauehn.
960 1233 1022 1300 rol.
1047 1233 1072 1298 V
1102 1254 1133 1319 p.
1162 1235 1244 1315 103⁸,
1277 1235 1330 1319 qui
1361 1233 1483 1300 iudicat
1511 1233 1757 1320 Xenophontem
1790 1255 1853 1300 non
1888 1235 1992 1300 solnm
2026 1235 2147 1316 regiam

302 1343 490 1425 dignitatem
512 1341 701 1426 praedicare
723 1346 755 1404 et
777 1337 1159 1411 Graeciscommendare,
1174 1337 1407 1417 verumetiam,
1430 1343 1466 1402 ut
1481 1337 1638 1403 redeundi
1661 1337 1722 1402 sibi
1745 1338 1781 1402 in
1800 1338 1937 1422 patriam
1955 1342 2147 1423 potestatem

301 1453 438 1531 pararet,
463 1463 544 1528 quae
566 1443 649 1508 falso
672 1442 712 1506 de
735 1460 770 1506 se
793 1461 914 1526 suaque
937 1441 976 1506 de
1001 1441 1136 1526 imperio
1159 1459 1258 1526 penos
1281 1459 1380 1505 unum
1403 1443 1577 1506 constituto
1600 1442 1761 1506 sententia
1786 1440 2081 1524 divulgataessent,
2097 1463 2146 1506 re-

300 1547 411 1614 fellere
435 1547 585 1612 voluisse.
630 1542 820 1630 Coppelle
844 1543 960 1630 (prael.
983 1562 1015 1629 p.
1041 1542 1095 1621 lll)
1119 1543 1365 1629 Xenophontem
1388 1549 1481 1629 putat
1508 1545 1741 1630 conscripsisse
1772 1544 1933 1627 dialogum
1962 1543 2146 1616 Hieronem,

302 1673 366 1718 nou
389 1657 424 1716 ut
445 1648 686 1716 commendaret
708 1647 924 1731 tyrannidem,
948 1648 1005 1713 sed
1030 1653 1063 1712 ut
1085 1647 1269 1714 ostenderet
1292 1667 1386 1732 quem
1417 1649 1458 1713 ud
1488 1649 1619 1714 modum
1649 1650 1696 1714 uti
1717 1647 1775 1714 ille
1802 1649 1939 1723 deceret,
1963 1649 1989 1712 si
2017 1649 2145 1734 quidem

299 1761 455 1838 tyrannus
479 1773 620 1819 amorem
646 1752 764 1819 ciuium
788 1771 918 1816 suorum
942 1750 1003 1816 sibi
1028 1750 1200 1817 conciliare
1223 1771 1260 1818 ac
1284 1752 1354 1818 sine
1377 1749 1502 1817 invidia
1517 1753 1624 1817 'vitam
1651 1752 1779 1818 felicem
1806 1771 1900 1834 agere
1930 1751 2032 1816 vellet.
2086 1752 2143 1818 At·

300 1879 361 1944 qne
384 1855 731 1924 Breitenbachius
755 1853 870 1939 (prael.
894 1873 926 1939 p.
949 1851 1057 1950 xyid
1086 1854 1240 1938 seqnitur,
1265 1853 1348 1937 quod
1362 1852 1496 1938 protulit
1512 1852 1671 1920 Ferdin.
1695 1853 1974 1920 Delbri'rckius
1997 1855 2031 1920 in
2053 1855 2145 1936 libro,

301 1962 353 2046 qui
379 1959 566 2028 inscribitur
588 1958 783 2044 Xenophon:
810 1977 867 2022 rur
890 1957 1030 2040 liettung
1051 1957 1158 2022 seiner
1181 1955 1280 2022 durch
1303 1955 1338 2021 B.
1362 1957 1401 2022 G.
1424 1955 1567 2022 Niebuhr
1587 1957 1794 2039 gelahrdeten
1808 1957 1903 2037 Ehre,
1930 1956 2034 2034 (Bonn
2064 1957 2145 2023 1829

301 2085 330 2148 p.
353 2065 424 2146 9th
447 2063 500 2148 qui
523 2063 675 2148 opinatur
698 2060 944 2146 Xenophontem
969 2059 1074 2141 rebus,
1098 2065 1270 2143 quactum
1294 2059 1326 2123 in
1349 2057 1517 2124 Thessalia
1545 2058 1730 2141 agebantur,
1754 2060 1927 2126 adductum
1950 2081 2030 2132 esse,
2055 2065 2090 2126 ut
2115 2067 2145 2126 et

300 2169 482 2232 accrrratins
505 2165 545 2230 de
568 2165 739 2250 tyrannide
761 2163 982 2230 consideraret
1004 2167 1035 2228 et
1058 2161 1296 2227 demonstraret
1324 2162 1402 2246 quid
1430 2161 1614 2227 laciendum
1638 2167 1723 2227 esset
1744 2168 1892 2246 tyranno,
1916 2167 1952 2228 ut
1981 2163 2144 2228 civitatem

300 2273 486 2353 occupatam
510 2265 658 2332 redderet
678 2285 774 2350 quam
796 2265 1029 2331 felicissimam.
1075 2264 1172 2336 (Vide
1195 2263 1321 2330 Nicolai
1344 2285 1375 2349 p.
1398 2265 1439 2329 12
1465 2271 1525 2350 sq.)
1584 2265 1785 2332 Sitzlerus
1816 2267 1967 2352 denique,
1994 2267 2048 2352 qui
2083 2267 2145 2332 sibi

299 2369 492 2455 persuadere
516 2389 580 2434 non
602 2373 708 2453 potest
729 2367 976 2454 Xenophontem
999 2368 1060 2450 bis,
1084 2370 1169 2435 etin
1195 2369 1396 2455 Cyrcpaedia
1419 2375 1451 2435 et
1474 2370 1505 2434 in
1535 2367 1594 2434 boc
1623 2367 1749 2448 libello,
1773 2369 1812 2462 de
1842 2369 1955 2436 eadem
1981 2391 2015 2434 re
2047 2369 2146 2434 verba

299 2473 426 2549 fecisse,
450 2471 617 2536 existimat
638 2477 681 2556 lp.
704 2470 770 2552 30),
793 2471 821 2535 si
845 2470 974 2556 quidem
996 2469 1177 2558 Xenophon
1200 2479 1312 2538 auctor
1333 2471 1375 2536 sit
1391 2508 1429 2520 -
1448 2471 1481 2537 id
1505 2471 1641 2555 quodsi
1665 2491 1729 2536 non
1753 2472 1928 2538 verisimile
1955 2473 2082 2538 ridetur
2103 2509 2145 2520 -—

299 2573 442 2640 libellum
467 2575 603 2639 missum
628 2595 700 2640 esse
723 2575 764 2640 ad
787 2575 933 2640 iuvenem
948 2575 1107 2660 quendam
1128 2583 1305 2660 tyrannum
1330 2575 1384 2658 (cl.
1408 2573 1534 2640 Nicolai
1556 2593 1587 2658 p.
1612 2575 1661 2640 13.
1682 2573 1744 2658 14),
1767 2575 1822 2659 qui
1837 2575 1978 2640 nondum
1996 2577 2142 2659 tyranni-

298 2679 349 2744 dis
372 2697 474 2763 noque
498 2676 703 2743 incommoda
725 2683 878 2764 expertus
900 2697 1003 2762 neque
1026 2697 1195 2744 munerum
1218 2679 1351 2764 peritus,
1380 2683 1415 2742 ut
1440 2676 1573 2763 plurimi
1597 2675 1753 2759 homines,
1784 2679 1904 2762 optime
1935 2677 1974 2743 de
2004 2699 2042 2744 ea
2069 2699 2142 2744 sen·

298 2783 404 2848 sisset.
449 2781 551 2859 Quem
569 2787 603 2846 ut
626 2781 665 2847 de
685 2780 868 2865 tyrannidis
888 2787 1004 2848 natura
1018 2781 1176 2856 edoceret,
1200 2783 1390 2868 scriptorem
1413 2779 1574 2856 Hieronis,
1593 2783 1710 2846 summi
1735 2782 1874 2866 tyranni,
1894 2801 2032 2866 persona
2048 2801 2142 2847 usum

298 2887 486 2972 exposuisse
513 2891 590 2971 quot
616 2892 798 2971 quantaque
820 2885 1001 2970 tyrannidis
1030 2884 1117 2951 mala
1144 2893 1254 2951 essent
1281 2891 1313 2951 et
1340 2885 1613 2950 demonstravisse
1638 2903 1701 2968 qua
1723 2885 1846 2950 ratione
1876 2890 2033 2968 tyrannus
2065 2906 2141 2951 con-

297 2991 457 3056 dicionem
480 2995 513 3054 et
535 3008 626 3053 suam
647 2994 679 3054 et
701 2989 820 3055 civium
844 2989 971 3054 beatam
994 2995 1026 3054 et
1048 2988 1175 3056 felicem
1198 2989 1332 3055 reddere
1353 2991 1473 3074 posset.

399 3091 546 3176 Denique
570 3101 605 3155 ut
631 3090 794 3156 nescimus
815 3111 876 3174 quo
899 3089 970 3156 loco
994 3090 1142 3175 dialogus
1162 3091 1359 3176 compositus
1379 3090 1431 3171 sit,
1456 3091 1501 3156 ita
1524 3089 1563 3154 de
1593 3093 1754 3174 tempore,
1782 3111 1844 3174 quo
1875 3089 2058 3175 concriptus
2089 3091 2141 3170 sit,

298 3195 376 3262 nihil
401 3196 481 3261 certi
505 3201 611 3278 potest
632 3195 794 3259 constitui.
838 3193 907 3260 Hoc
935 3199 1042 3261 autem
1073 3200 1220 3261 constare
1253 3193 1380 3259 videtur
1407 3213 1513 3258 errare
1548 3199 1580 3258 et
1607 3191 1869 3258 Letronnium
1903 3191 2022 3274 (Biogr.
2054 3193 2141 3258 univ.

296 3300 346 3382 51,
370 3301 433 3364 372
457 3295 522 3382 sq.)
545 3295 662 3362 librum
685 3303 760 3362 ante
785 3294 1024 3381 expeditionem
1043 3297 1129 3382 Cyri.
1148 3297 1244 3363 anuis
1267 3297 1335 3362 lere
1360 3295 1542 3376 404—401,
1567 3295 1783 3380 conscriptum
1803 3317 1875 3362 esse
1892 3296 2142 3374 existimantem,

297 3407 329 3467 et
351 3401 563 3486 Sauppium
587 3397 702 3484 (praei.
724 3419 754 3484 p.
781 3396 855 3484 104)
880 3399 981 3467 luisse
1003 3405 1088 3467 certe
1111 3399 1285 3467 Hieronem
1314 3401 1341 3465 si
1371 3419 1434 3464 non
1465 3400 1614 3483 primum,
1644 3404 1677 3464 at
1703 3418 1801 3464 unum
1832 3420 1849 3464 e
1875 3399 1989 3484 primis
2020 3399 2141 3482 ingenii

295 3503 521 3589 Xenophontei
543 3501 745 3569 documentis
768 3501 964 3569 indicantem
989 3501 1043 3587 (cf.
1067 3503 1193 3570 Nicolai
1215 3523 1246 3589 p.
1271 3505 1331 3581 16).

398 3606 536 3672 Diversa
559 3605 656 3689 igitur
678 3612 711 3672 et
733 3606 816 3672 inter
839 3627 874 3672 se
889 3609 1104 3692 repugnantia
1115 3613 1191 3674 sunt
1206 3607 1347 3672 virorum
1365 3606 1531 3675 doctorum
1548 3606 1588 3672 de
1600 3604 1740 3672 Hierone
1757 3604 1885 3686 dialogo
1902 3603 2140 3687 iudicibusque

298 3714 404 3796 potest
427 3710 539 3793 negari
563 3731 626 3774 non
649 3727 753 3794 pauca
777 3710 812 3773 in
835 3709 892 3774 illo
913 3708 994 3776 libro
1014 3709 1174 3776 offendere
1197 3714 1293 3794 atque
1316 3706 1430 3774 alierre
1459 3708 1691 3774 dubitationem
1722 3727 1798 3773 num
1829 3706 2008 3792 Xenophon
2039 3705 2141 3772 libelli

294 3815 432 3898 scriptor
455 3813 507 3877 sit.
554 3813 635 3877 Cum
658 3821 765 3876 autem
784 3831 877 3896 spero
901 3819 1014 3898 postea
1036 3813 1173 3880 fortasse
1196 3812 1470 3898 opportunitatem
1494 3810 1573 3876 mihi
1596 3811 1663 3876 lore
1688 3811 1849 3895 copiosius
1873 3810 1913 3876 de
1937 3809 1993 3874 illa
2015 3831 2049 3876 re
2070 3809 2137 3874 dis·

295 3915 439 4000 putandi,
463 3933 547 3980 nunc
571 3915 650 3980 satis
673 3913 773 3980 babeo
789 3932 893 3999 pauca
914 3916 1098 4000 protulisse,
1115 3937 1196 4002 quae
1211 3916 1295 3981 haud
1313 3917 1379 3980 scio
1397 3935 1437 3980 an
1459 3915 1643 4000 pertineant
1663 3915 1705 3979 ad
1722 3912 1865 3980 libellum
1884 3913 2138 3996 intelligendum.

398 4018 547 4084 Lectores
571 4024 678 4084 autem
699 4019 839 4083 monitae
862 4017 959 4084 velim
983 4039 1035 4086 me
1059 4027 1203 4087 secutum
1227 4041 1299 4086 esee
1322 4025 1506 4085 contextum
1531 4017 1711 4100 verborum,
1734 4037 1829 4101 quem
1846 4018 2013 4084 constituit
2032 4015 2137 4082 Ludo-

293 4123 383 4188 vicus
412 4121 597 4186 Dindorlius
625 4121 659 4186 in
683 4120 824 4187 editione
848 4123 990 4188 secunda
1012 4123 1230 4190 emendatiore
1254 4123 1383 4208 Lipsiae
1404 4120 1696 4188 MDCCCerXVl.
