4634 5788
1016 730 1129 857 Cap.
1163 733 1201 828 I.

289 915 318 990 ξ.
347 914 373 976 l.
394 908 589 996 Σιμωνίδης]
614 910 707 991 Ceus,
732 909 907 995 Leoprepis
928 908 1024 988 filius,
1049 907 1097 975 07.
1125 907 1206 990 LVI,
1233 910 1248 974 1
1272 916 1304 984 (a
1334 907 1407 974 Chr.
1438 907 1516 990 556)
1551 912 1655 987 natus,
1684 910 1780 991 poeta
1806 905 1926 991 lyricus
1955 927 2027 972 cum

171 1033 286 1098 aeque
309 1013 448 1096 insignis
476 1018 563 1078 77777
591 1018 624 1079 77
650 1012 810 1095 elegantia
841 1013 1005 1078 doctrinae
1033 1017 1065 1078 77
1096 1011 1295 1078 humanitate
1328 1011 1582 1093 consuetudinis,
1616 1010 1836 1076 familiaritate
1869 1030 1946 1075 usus
1980 1015 2030 1075 est

171 1115 362 1202 Hipparchi
385 1137 483 1202 eoque
507 1117 698 1200 interempto
720 1114 937 1181 Aleuadarum
962 1121 994 1180 et
1018 1114 1249 1202 Scopadarum,
1272 1114 1458 1182 Thessaliae
1480 1123 1701 1201 tyrannorum.
1744 1114 1842 1202 Apud
1858 1114 2029 1182 Thessalos

171 1227 286 1286 artem
310 1220 483 1286 memoriae
507 1216 556 1296 (77
577 1215 747 1304 propexis)
769 1219 893 1304 primus
916 1217 1058 1284 creditur
1079 1218 1262 1303 protulisse,
1286 1217 1325 1284 de
1348 1239 1412 1305 qua
1434 1241 1467 1284 re
1490 1221 1564 1286 vide
1587 1218 1720 1298 Quintil.
1744 1218 1846 1284 instit.
1870 1224 1949 1284 orat.
1972 1215 2028 1298 XI,

172 1326 206 1404 2,
239 1324 288 1388 11.
333 1322 478 1389 Athenas
494 1341 642 1388 reversus
659 1321 708 1386 Ol.
733 1320 864 1403 LXXII,
885 1323 907 1385 4
929 1326 960 1397 (a
982 1319 1057 1387 Chr.
1078 1320 1154 1400 4897
1177 1320 1318 1404 elegiaco
1342 1323 1495 1406 carmina,
1519 1322 1603 1410 quod
1627 1323 1808 1409 composuit
1825 1323 1858 1387 in
1876 1320 2028 1386 honorem

174 1447 306 1508 eorum,
330 1426 384 1510 qui
407 1425 442 1492 in
462 1445 538 1508 agro
559 1423 761 1492 Marathonio
784 1423 1008 1504 occubuerant,
1033 1426 1198 1510 superavit
1218 1425 1415 1510 Aeschylum
1438 1433 1470 1492 et
1490 1427 1634 1494 victoriis
1657 1425 1827 1492 navalibus
1853 1423 2030 1490 Artemisia

173 1541 211 1594 ct
244 1529 423 1596 Salaminia
452 1530 495 1594 ad
520 1528 645 1594 coelum
674 1529 768 1595 777777
798 1527 1030 1594 consuetudine
1058 1548 1136 1594 usus
1167 1535 1217 1594 est
1238 1527 1475 1596 Themistoclis.
1526 1529 1603 1597 Post
1631 1549 1774 1616 pugnam
1806 1527 2028 1596 Plataeensem

175 1633 348 1699 biennium
370 1635 437 1698 fere
461 1631 547 1718 apud
568 1631 762 1698 Pausaniam
784 1639 931 1698 versatus
951 1632 1002 1699 07.
1025 1630 1156 1714 LXXV,
1185 1632 1206 1696 3
1237 1632 1288 1698 vel
1315 1633 1337 1697 4
1367 1637 1400 1710 (7
1432 1632 1505 1699 Chr.
1539 1633 1602 1698 478
1636 1633 1688 1698 777
1720 1630 1799 1720 477)
1835 1633 2028 1715 octogesImo

174 1738 298 1802 aetatis
319 1757 403 1802 anno
427 1737 582 1802 Invitatus
603 1735 643 1803 ab
666 1735 806 1802 Hierone
829 1741 966 1820 tyranno
991 1735 1167 1820 Syracusas
1192 1755 1226 1802 77
1249 1734 1396 1817 77777777,
1419 1736 1474 1802 uhi
1496 1737 1545 1803 07.
1567 1733 1745 1819 LXXVIII,
1771 1738 1797 1803 1.
1814 1740 1847 1812 (a
1862 1735 1935 1802 Chr.
1950 1733 2028 1819 468)

175 1840 268 1906 diem
292 1859 479 1926 supremum
502 1839 590 1906 obiit.
639 1839 750 1926 Neque
782 1861 858 1905 7777
887 1840 991 1906 solum
1027 1839 1180 1904 inclaruit
1212 1838 1419 1922 carminibus,
1452 1839 1592 1925 77777777,
1621 1838 1809 1926 7777777777,
1840 1837 2029 1925 partheniis,

175 1941 395 2027 dithyrambis
416 1950 448 2009 at
469 1943 611 2008 77777777
632 1941 779 2008 77777777
802 1941 1007 2025 lugubribus,
1039 1961 1117 2026 quos
1147 1939 1290 2026 θρηνούς
1320 1940 1437 2008 Graeci
1467 1942 1578 2010 dicunt
1600 1944 1690 2024 (Hor.
1716 1963 1814 2010 earm.
1837 1939 1877 2024 II,
1911 1941 1938 2022 1,
1962 1939 2029 2024 38),

176 2066 294 2112 verum
318 2047 415 2112 etiam
439 2047 541 2112 facete
567 2045 662 2112 dictis
685 2051 718 2112 et
739 2043 954 2131 sermonibus,
1008 2043 1105 2128 (Plat.
1129 2065 1179 2131 ep.
1201 2042 1250 2126 II,
1272 2046 1335 2111 311
1357 2045 1397 2111 A.
1441 2044 1523 2112 Plut.
1558 2046 1794 2134 Apophthegm.
1821 2063 1887 2127 reg.
1912 2043 1974 2110 185
1989 2043 2028 2110 D.

177 2149 271 2214 Idem
295 2149 335 2214 de
358 2148 509 2218 adulti)
532 2148 566 2214 C.
590 2147 687 2215 6513.
734 2149 846 2234 Synaa
871 2167 922 2233 ep.
942 2148 985 2212 49
1011 2167 1043 2234 p.
1077 2148 1151 2213 187.
1193 2145 1305 2214 Cicero
1333 2147 1373 2213 de
1401 2155 1467 2214 nat.
1492 2149 1581 2217 deor.
1614 2149 1637 2233 I,
1665 2153 1716 2232 22,
1740 2147 1807 2234 60).
1851 2147 2029 2214 APlatone

182 2252 304 2318 dicitur
327 2249 453 2336 σοφός
475 2260 541 2318 καὶ
562 2255 680 2328 θεῖος
706 2248 811 2338 dario
834 2257 865 2316 et
882 2271 901 2317 a
918 2250 1072 2319 Cicerone
1095 2270 1169 2317 nou
1191 2255 1314 2336 poeta
1337 2251 1469 2317 solum
1493 2253 1651 2335 suavis,
1675 2253 1748 2319 777
1772 2251 1896 2318 etiam
1924 2255 2030 2318 ceta·

179 2356 303 2439 777777
327 2355 469 2422 777777
492 2353 738 2440 sapiensque
762 2361 794 2419 et
816 2353 855 2420 ab
877 2339 1064 2432 7777777777
1087 2359 1207 2420 777777.
1230 2352 1301 2434 Vll,
1324 2355 1377 2432 23)
1403 2355 1489 2422 77777
1518 2375 1573 2422 777
1604 2362 1715 2442 poetas
1745 2357 1895 2439 retertur,
1925 2373 2029 2439 quos

178 2481 253 2524 nou
279 2459 469 2542 coegerit
490 2459 530 2524 in
553 2458 636 2523 suis
659 2458 813 2524 studiis
837 2457 1113 2524 obmutescere
1136 2462 1330 2523 senectus.

281 2563 422 2648 Ἱέρωνα.
466 2562 575 2644 Hiero,
590 2558 781 2629 Dinomenis
805 2561 901 2642 filius,
925 2559 974 2626 Ol.
998 2557 1130 2644 LXXII,
1153 2562 1173 2625 3
1196 2559 1240 2643 (a.
1263 2559 1336 2626 Chr.
1359 2558 1438 2646 490)
1461 2581 1481 2626 7
1504 2561 1626 2629 Gelena
1649 2561 1748 2628 fratre
1772 2559 1886 2628 Gelam
1907 2558 2029 2641 urbam,

179 2687 278 2751 quam
299 2666 354 2732 ille
378 2669 629 2751 expugnaverat,
652 2663 828 2747 regendam
849 2663 985 2749 accepit.
1030 2662 1111 2728 Cum
1134 2685 1209 2730 vero
1232 2684 1319 2730 mors
1339 2665 1525 2731 immineret
1547 2663 1678 2742 Geloni,
1706 2663 1939 2749 Syracusarum
1967 2665 2028 2730 im·

178 2769 306 2850 perium
329 2789 393 2836 non
409 2767 542 2834 Hieroni
562 2768 623 2834 7777
639 2767 932 2834 administrandum
956 2767 1129 2848 commisit,
1156 2767 1214 2833 sed
1237 2766 1445 2836 Damaratam
1471 2787 1615 2852 uxorem,
1641 2767 1797 2834 Theronis
1824 2767 2030 2851 Agrigentini

181 2871 291 2953 filiam,
316 2879 347 2939 et
370 2874 605 2959 praetenturam
625 2871 785 2938 exereitus
801 2870 969 2938 transtulit
990 2871 1032 2936 ad
1054 2869 1212 2936 iuniorem
1236 2870 1368 2936 fratrem
1392 2869 1588 2954 Polyzelum.
1631 2871 1715 2938 Huic
1737 2892 1823 2954 vero,
1847 2872 1899 2958 qui
1923 2873 2030 2940 clarus

180 2982 266 3042 esset
292 2997 330 3042 77
353 2976 545 3062 conspicuus
569 2977 604 3041 in
627 2974 751 3057 Sicilia,
774 2975 894 3042 invidit
913 2974 1010 3040 Hiero
1033 2979 1129 3057 atque
1152 2973 1283 3055 bellurn,
1306 2974 1392 3060 quod
1413 2973 1582 3058 gerebatur
1605 2993 1677 3042 cum
1703 2975 1871 3062 Sybaritis,
1899 2997 2029 3044 sumens

181 3078 324 3145 obtentui
353 3079 476 3145 Gelone
502 3084 627 3144 mortuo
657 3078 794 3144 removit
822 3097 895 3144 eum
918 3077 1067 3162 epatris
1088 3083 1119 3142 77
1138 3075 1354 3161 Thrasydaeo,
1377 3076 1529 3146 Himerae
1552 3083 1701 3163 tyranno,
1732 3079 1774 3146 ad
1803 3099 1899 3166 quem
1918 3083 2028 3148 777777-

180 3187 270 3264 gerat
294 3181 474 3266 Polyzelus,
503 3181 620 3248 bellum
647 3181 765 3246 intulit.
816 3181 909 3259 Quod
932 3178 1051 3246 bellum
1074 3201 1177 3266 neque
1200 3179 1321 3246 malum
1343 3180 1456 3248 habuit
1478 3186 1627 3248 eventurn
1649 3203 1752 3269 neque
1775 3183 1817 3252 ad
1838 3185 1935 3250 tinem
1954 3205 2028 3271 per-

180 3285 310 3350 ductum
343 3291 401 3369 777,
429 3305 504 3350 nam
535 3283 718 3350 Simonides
751 3291 846 3370 poeta
869 3291 937 3350 tum
966 3283 1047 3350 forte
1072 3303 1226 3368 praesens
1254 3283 1370 3349 iratres
1399 3284 1434 3349 iu
1461 3285 1600 3368 gratiam
1622 3284 1759 3352 reduxit.
1804 3287 1920 3354 Postea
1941 3288 2028 3355 solua

180 3387 413 3472 Syracusarum
435 3388 607 3473 imparium
631 3389 783 3474 suscepit,
807 3387 893 3474 quod
913 3387 1011 3454 etiam
1027 3385 1130 3467 Naxo,
1153 3385 1286 3468 Catane,
1309 3385 1476 3454 Leontinis
1499 3389 1664 3472 tyrannidi
1683 3408 1760 3456 suae
1778 3390 1913 3458 adiectis
1928 3411 2029 3477 usque

179 3491 220 3556 ad
241 3497 376 3557 mortem
409 3491 458 3557 Ol.
481 3489 660 3572 LXXVIII,
690 3493 710 3558 3
741 3490 784 3576 (a.
816 3489 889 3558 Chr.
920 3487 998 3573 466)
1021 3508 1086 3554 777
1109 3490 1179 3554 sine
1201 3508 1321 3572 magna
1344 3489 1447 3574 gloria
1468 3490 1614 3560 obtinuit.
1647 3491 1708 3558 De
1730 3492 1824 3560 huius
1847 3495 1909 3561 viri
1929 3497 2028 3563 mori·

180 3595 237 3662 bus
261 3602 293 3662 et
314 3596 443 3679 ingenio
466 3597 583 3662 mirum
608 3602 657 3663 est
679 3616 774 3681 quam
797 3597 927 3662 dlversa
942 3595 1163 3660 sintvaterum
1185 3591 1393 3676 Graecorum,
1409 3595 1464 3679 qui
1480 3594 1521 3660 de
1543 3614 1580 3661 ao
1596 3597 1792 3663 mentionem
1807 3597 1962 3682 feceruut,
1978 3599 2028 3665 iu-

179 3699 273 3764 dicia.
314 3697 423 3782 (Diod.
447 3697 510 3764 Sic.
527 3697 584 3780 XI,
605 3699 657 3765 67.
696 3698 826 3764 Ρ77777.
846 3695 935 3764 011.
971 3695 1062 3783 Pytb.
1087 3696 1110 3763 I.
1133 3695 1173 3761 II.
1203 3694 1257 3761 III.
1312 3696 1447 3762 Aristot.
1476 3697 1570 3765 Polit.
1599 3697 1638 3776 V,
1665 3699 1695 3780 9,
1724 3699 1753 3765 3.
1802 3699 1930 3768 Aelian.
1961 3722 2028 3768 var.

178 3801 252 3868 hist.
273 3800 327 3882 IV,
353 3801 415 3894 177).
460 3799 524 3866 Sed
547 3821 621 3868 cum
644 3801 757 3868 eodem
786 3819 905 3882 amore,
936 3819 998 3884 quo
1027 3798 1106 3867 Gelo
1132 3799 1232 3865 frater
1263 3803 1294 3864 77
1320 3798 1467 3886 plerique
1504 3800 1592 3867 illius
1621 3802 1739 3868 aetatis
1771 3805 1910 3888 tyranni,
1942 3810 2028 3872 artes

178 3905 352 3989 Ilterasque
378 3904 507 3987 7777777,
530 3905 649 3970 iactuum
675 3911 733 3986 est,
757 3910 791 3969 ut
814 3903 900 3989 apud
928 3923 1001 3968 eum
1032 3903 1178 3970 viverent
1199 3907 1313 3988 poetae
1336 3902 1502 3970 literarum
1526 3909 1621 3991 atqua
1643 3903 1766 3988 ingenii
1794 3904 1889 3972 lauda
1911 3905 2027 3973 777777-

178 4009 302 4076 tissimi
323 4006 495 4088 Pindarua
524 4007 747 4092 Bacchylides
773 4005 1002 4092 Xenophanes,
1030 4005 1222 4092 Aeschylus,
1245 4005 1439 4074 Simonides.

279 4109 354 4196 'Ag'
387 4111 435 4176 ἄν
466 4135 534 4195 μοι
567 4110 775 4196 ἐθελήσαις
807 4157 815 4174 .
847 4159 854 4174 .
881 4106 1185 4195 capiceriam]
1222 4109 1415 4176 vellesne
1450 4110 1550 4176 mihi
1584 4110 1815 4196 exponere?
1841 4110 2028 4197 OptatIvum

176 4216 348 4282 coniuncta
370 4215 485 4280 vocula
507 4211 550 4280 777
573 4216 606 4281 77
630 4213 880 4297 iuterrogationa
903 4213 1045 4299 posItam
1068 4211 1108 4280 ab
1134 4213 1252 4280 AttiaIs
1279 4234 1336 4299 pro
1369 4213 1561 4300 imperativo
1590 4214 1736 4283 adbiberi
1767 4221 1902 4283 constat.
1946 4216 2027 4284 ltem

177 4318 275 4384 Couv.
298 4316 369 4384 VII.
394 4319 430 4382 1:
450 4313 516 4402 ἄρα
541 4369 549 4384 .
573 4369 580 4384 .
602 4317 662 4384 νῦν
684 4315 728 4383 ἄν
753 4313 898 4400 μάλιστα
925 4324 980 4381 καὶ
1007 4315 1078 4400 ἅμα
1106 4313 1265 4399 ᾄσαιμεν,
1286 4315 1358 4382 7777
1384 4317 1521 4383 multum
1552 4317 1661 4386 differt
1692 4319 1855 4406 optativus
1883 4339 1955 4386 cum
1985 4319 2028 4386 dv

176 4421 245 4486 7777
268 4421 519 4504 interrogatione
542 4421 677 4507 positus.
721 4419 826 4486 Anah.
847 4418 902 4499 III,
923 4421 953 4500 2,
979 4421 1032 4485 177
1056 4418 1159 4499 λέγοις
1189 4418 1232 4484 ἄν
1263 4418 1286 4483 ni
1317 4420 1368 4486 777
1386 4421 1498 4502 λέγειν.
1550 4422 1634 4490 Plat.
1656 4421 1790 4490 Phaedr.
1825 4444 1856 4510 p.
1890 4425 1952 4490 227
1987 4424 2025 4492 C:

174 4523 276 4603 λέγοις
305 4523 358 4588 ἄν.
386 4523 449 4589 229
486 4523 527 4589 Β;
578 4521 736 4606 προάγοις
767 4520 820 4589 ἄν.
873 4522 1028 4588 Futurum
1065 4527 1173 4588 autem
1212 4522 1383 4589 coniuncta
1412 4527 1583 4608 negatione
1612 4524 1651 4594 od
1680 4527 1775 4594 habet
1801 4527 1867 4595 vim
1896 4527 2027 4596 iubendi

175 4633 206 4692 et
227 4626 410 4711 imperandi
433 4647 506 4692 cum
528 4625 668 4711 quadam
692 4625 926 4710 indignatione.
972 4624 1071 4715 Conv.
1093 4623 1147 4707 III,
1174 4626 1228 4690 12:
1253 4623 1371 4692 77777777
1391 4636 1447 4693 καὶ
1469 4627 1509 4694 σι)
1531 4628 1647 4714 λέξεις,
1675 4628 1756 4698 Plat.
1775 4629 1874 4696 Conv.
1898 4631 1959 4698 175
1980 4631 2025 4697 Α;

174 4726 213 4792 od
234 4733 357 4813 σκέψει,
380 4728 450 4812 ἔφη,
472 4742 546 4812 παῖ,
569 4725 677 4813 φάναι
700 4727 758 4796 τὸν
782 4717 981 4810 Ἀγάθωνα,
1003 4729 1064 4794 201
1086 4727 1127 4794 Ε;
1152 4738 1206 4793 καὶ
1228 4727 1257 4814 ἤ,
1280 4726 1339 4794 oria
1360 4728 1568 4818 arirpqgrq'naffl
1590 4731 1660 4819 ἔφη.
1690 4769 1731 4780 —-

275 4831 346 4915 ἔφη
368 4828 386 4894 ὁ
406 4827 548 4916 Ἱέρων]
594 4829 746 4912 Vhlgaris
769 4832 921 4916 loquendi
937 4853 1024 4915 usus,
1042 4833 1094 4898 oui
1106 4835 1215 4896 tamen
1232 4837 1415 4916 repugnant
1432 4832 1534 4898 multa
1550 4833 1709 4920 exempla.
1747 4833 1881 4900 Mamor.
1900 4833 1924 4916 I,
1941 4837 1970 4916 2,
1990 4837 2024 4901 9;

173 4930 386 5016 ὁκατήγορος
407 4933 477 5018 ἔφη.
519 4931 559 5016 11,
584 4935 612 5016 l,
642 4933 697 4999 18:
722 4932 739 4998 ὁ
761 4933 934 5021 Σωκράτης
959 4937 1030 5021 ἔφη.
1069 4933 1150 5002 Ρ777.
1181 4933 1266 5002 Ρ777.
1295 4936 1357 5001 317
1391 4936 1438 5003 D:
1466 4936 1484 5002 ri
1512 4937 1659 5016 Καλλίας
1686 4939 1756 5024 ἔφη.
1805 4937 1955 5006 Celerum
1985 4955 2026 5008 ne
