4634 5788
1116 393 1152 406 τρο
1165 393 1242 408 »,Ἰ“.“ι
1260 393 1292 406 fxi.
1307 396 1318 407 x.

394 515 414 594 ἓ
440 514 489 580 10.
513 512 752 598 άμφοτέρων
773 511 850 578 τῶν
871 511 1009 599 ἔργων]
1035 513 1055 578 i.
1079 533 1107 580 a.
1129 513 1195 578 τῶν
1215 514 1315 595 ἔργων
1337 510 1532 596 οἷμφυτέρων
1554 511 1609 592 ita,
1629 512 1665 576 ut
1688 509 2064 598 a'pporcpovpeudeoto
2081 533 2138 577 vo-

290 615 371 681 culis
394 617 460 681 τῶν
482 618 589 700 ἔργων.
634 616 760 682 Durum
782 615 841 682 hoo
864 637 969 702 nequo
991 625 1101 682 tamen
1124 615 1291 682 insolitum
1314 634 1385 680 esse
1409 613 1644 680 demonstravit
1665 613 1775 680 multis
1801 615 1959 701 exemplis
1975 615 2083 682 allatis
2099 635 2140 682 ex

289 719 502 805 scriptoribus
519 719 652 786 Graecis
676 727 707 786 et
719 719 845 786 Latinis
870 719 1145 788 Frotsoherus.
1180 719 1271 786 Idem
1293 725 1379 785 recte
1402 719 1632 804 interpretatur
1651 716 1844 785 vocabulum
1865 718 1968 801 ἔργον,
1984 718 2067 804 quod
2088 719 2138 784 in-

288 821 392 904 telligi
413 823 482 888 vtrlt
503 822 543 888 de
567 843 661 888 vera
684 825 896 910 utriusque
926 823 1165 890 condicione
1188 831 1225 889 et
1251 822 1507 902 munere„cui
1536 841 1571 886 se
1601 821 1673 908 quis
1705 822 1795 888 dedit
1823 819 2139 906 (Lebenslrerul).

289 925 332 992 Ut
354 925 492 1007 legimus
516 925 790 1012 apudHomenrm
814 925 874 994 Od.
898 924 937 1006 V,
954 926 1009 991 67:
1033 923 1208 992 θαλάσσια
1219 927 1307 1011 ἔργα,
1330 926 1376 990 ito
1398 924 1486 1010 apud
1508 923 1591 992 Xen.
1616 924 1733 992 Oecou.
1751 923 1806 1008 Ν,
1819 925 1854 990 5:
1873 925 1941 990 τῶν
1954 923 2138 1008 πολεμικῶν

287 1027 398 1110 ἔργων,
431 1027 455 1108 Ι,
479 1029 500 1092 2
508 1052 514 1092 :
543 1029 597 1114 τῆς
626 1034 812 1112 οἰκονομίας
840 1029 941 1114 ἔργον,
975 1026 1108 1094 Mamor.
1136 1027 1191 1110 IV,
1220 1029 1249 1112 2,
1278 1031 1315 1095 5:
1348 1025 1494 1111 ίατρικύν
1515 1028 1617 1111 ἔργον,
1653 1028 1788 1096 Conviv.
1818 1027 1872 1108 IV,
1895 1027 1953 1094 56:
1975 1029 2052 1110 ἔργα
2079 1028 2137 1092 τού

287 1131 492 1213 μαστροπού.

391 1241 481 1316 περὶ
504 1231 644 1312 adedo]
668 1242 741 1318 περὶ
764 1234 823 1298 τοῦ
844 1247 1024 1316 τυραννεῖν.

392 1333 617 1420 άρξάμενος
640 1331 719 1400 άπὸ
742 1337 809 1421 τῆς
829 1335 973 1422 ὅψεως]
997 1335 1127 1400 initium
1150 1335 1294 1420 capiens,
1318 1337 1478 1422 incipiens
1506 1358 1526 1404 a
1554 1337 1636 1404 visu.
1687 1335 1776 1403 Infra
1806 1335 1892 1412 VIII,
1923 1337 1956 1400 2;
1995 1331 2138 1419 άρξομαι

288 1441 323 1505 δέ
345 1459 397 1506 σοι
421 1439 490 1506 α’πό
512 1441 577 1504 τῶν
598 1436 802 1525 μικροτάτων
824 1435 1112 1524 παραδειγμάτων.
1156 1435 1354 1523 Frequenter
1376 1459 1448 1506 cum
1473 1440 1559 1525 apud
1581 1439 1830 1525 Xenophontem
1853 1445 1921 1508 tum
1950 1437 2037 1524 apud
2064 1433 2138 1502 Pla-

286 1553 395 1609 tonem
420 1551 452 1608 et
474 1543 557 1610 alios
578 1543 786 1628 participium
812 1540 883 1628 άρξ
891 1539 1038 1625 άμενος
1061 1541 1225 1623 eleganter
1239 1541 1370 1626 ponitur
1384 1562 1443 1627 pro
1464 1542 1623 1626 πρῶτον
1645 1547 1677 1608 et
1697 1543 1740 1607 έν
1761 1539 1870 1630 ἀρχῇ.
1897 1539 2031 1606 Memor.
2049 1537 2088 1618 ΙΙ,
2109 1541 2136 1620 1,

289 1649 325 1712 1;
348 1646 559 1728 σκοπῶμεν
581 1642 799 1728 άρξάμενοι
830 1643 910 1710 duo
932 1641 998 1730 τῆς
1018 1645 1139 1728 τροφῆς
1161 1641 1271 1728 ῶσπερ
1294 1641 1363 1708 άπὸ
1385 1643 1450 1710 τῶν
1472 1649 1647 1728 στοιχείων.
1694 1644 1767 1729 (lyr.
1789 1643 1860 1725 VII,
1882 1643 1913 1722 5,
1936 1643 1996 1708 65:
2032 1641 2139 1706 ταῦτα

286 1745 327 1833 δὴ
349 1746 532 1829 γιγνῶσκον
549 1745 778 1830 υίρξάμενος
800 1745 869 1814 dno*
890 1748 956 1812 τῶν
982 1747 1144 1831 θυρωρῶν
1174 1743 1305 1822 πάντας
1331 1743 1406 1822 τούς
1431 1756 1505 1832 περὶ
1540 1745 1579 1812 τά
1617 1747 1736 1813 ἑαυτοῦ
1769 1746 1865 1830 σῶμα
1887 1744 2137 1830 θεραπευτῆρας

285 1848 462 1935 ἐποιήσατο
483 1848 664 1932 εύνούχους.
707 1849 756 1916 Da
779 1852 895 1934 vectig.
919 1850 959 1932 V,
982 1851 1017 1916 3:
1053 1855 1136 1926 τίνες
1158 1847 1219 1933 γάρ
1242 1847 1379 1934 ἡσυχίαν
1402 1847 1539 1934 οἷγούσης
1559 1850 1615 1934 τῆς
1642 1847 1767 1926 πόλεως
1789 1847 1829 1914 od
1857 1844 2064 1933 προσδέοιντ’
2094 1845 2139 1910 civ

286 1950 386 2038 αύτῆς
409 1950 589 2037 άρξάμενοι
610 1950 678 2018 άπὸ
700 1951 892 2038 ναυκλήρων
913 1962 969 2018 καὶ
991 1949 1160 2036 ἐμπύρων,

388 2071 583 2139 ἐντεῦθεν
603 2071 717 2157 γάρ..
733 2121 740 2136 .
754 2071 827 2158 άρξ
832 2071 855 2136 ά
859 2096 982 2156 μενον
1004 2073 1044 2136 λέ
1050 2074 1152 2154 raca]
1188 2071 1214 2137 F
1214 2077 1438 2156 requentatum
1451 2072 1581 2138 dicendi
1593 2091 1706 2155 genus,
1719 2072 1832 2138 addita
1855 2072 1950 2154 vulgo
1974 2070 2136 2156 principio

286 2177 512 2263 subsequentis
530 2175 742 2259 expositionis
765 2169 884 2240 rei'vel
905 2175 1101 2241 narrationis
1124 2172 1184 2256 γάρ
1207 2174 1378 2259 particula.
1423 2173 1538 2240 Rarior
1560 2181 1610 2239 est
1628 2177 1662 2240 in
1685 2173 1735 2240 his
1756 2173 1818 2259 γάρ
1840 2174 2018 2260 particulae
2036 2173 2136 2238 omis-

287 2281 346 2346 sio.
391 2279 597 2360 „Discrimen
620 2278 869 2343 constructionis
892 2275 981 2342 verbi
1005 2275 1168 2359 ἄρχεσθαι
1195 2295 1268 2341 oum
1288 2278 1447 2344 infinitivo
1470 2283 1526 2342 aut
1547 2279 1720 2364 participio
1737 2279 1770 2342 in
1788 2297 1824 2342 eo
1840 2278 1982 2361 positum
1999 2273 2137 2354 videtur,

285 2389 321 2448 ut
343 2382 552 2468 participium
575 2381 735 2462 significet
756 2380 899 2462 modum,
923 2399 984 2464 quo
1007 2379 1145 2444 alicuius
1171 2379 1307 2444 aetionis
1331 2379 1462 2446 initium
1483 2381 1527 2460 fit,
1552 2381 1730 2445 infinitivus
1754 2387 1862 2445 autem
1885 2378 2007 2445 indicet
2029 2379 2135 2444 consi-

285 2485 366 2550 lium
388 2485 409 2550 i.
433 2503 461 2550 e.
484 2482 569 2568 quod
591 2482 709 2547 facturi
732 2501 854 2563 sumus,
878 2482 963 2567 quod
986 2482 1092 2546 lacere
1116 2481 1348 2548 instituimue.“
1392 2483 1558 2549 Ksrlrner
1577 2483 1619 2548 ad
1639 2482 1771 2548 Memor.
1796 2469 1851 2564 ΙΙΙ,
1875 2482 1905 2564 5,
1929 2482 1978 2546 15.

389 2605 418 2682 §-
443 2606 492 2669 11.
517 2601 620 2667 ἄλλα
642 2606 713 2684 μέν
736 2603 789 2681 γε]
816 2605 849 2681 γέ
872 2601 1077 2666 referendum
1101 2607 1151 2666 est
1167 2601 1209 2666 ad
1225 2601 1310 2667 ἄλλα
1327 2603 1579 2669 confirmationis
1597 2623 1705 2679 eausa,
1721 2607 1782 2684 μέν
1797 2605 1924 2688 spectat
1939 2599 1981 2665 ad
1997 2619 2136 2684 sequens

285 2711 330 2772 δέ.
370 2705 458 2771 Infra
484 2705 574 2794 VIII,
598 2707 637 2770 9:
659 2709 824 2787 πρακτέον
844 2710 906 2787 μέν
932 2727 964 2785 γε
984 2701 1146 2788 χρήματα,
1168 2715 1197 2767 εί
1216 2704 1376 2788 μέλλομεν
1397 2704 1480 2777 ἔξεον
1502 2706 1664 2770 δαπανᾶν
1690 2711 1733 2780 είς
1761 2703 1804 2768 τά
1832 2705 1962 2785 δέοντα,
1992 2702 2140 2785 οἷναγκα-

284 2815 378 2874 στέον
394 2809 430 2874 δέ
449 2807 626 2894 φυλάττειν
656 2806 719 2871 ὅσα
743 2806 845 2871 δεῖται
868 2809 1023 2891 φυλακῆς.
1057 2805 1190 2874 Conviv.
1215 2807 1238 2888 I,
1263 2808 1302 2872 9:
1325 2807 1355 2873 oi
1375 2812 1436 2891 μέν
1458 2831 1490 2890 γε
1512 2806 1741 2893 σιωπχρότεροι
1762 2810 1941 2889 ἐγίγνοντο,
1965 2804 1995 2870 οἱ
2017 2805 2054 2870 δὲ
2077 2815 2131 2871 καί

282 2909 537 2997 ἐσχηματίζοντό
559 2905 639 2986 πως.
674 2908 729 2990 VI,
754 2910 786 2972 l:
817 2905 950 2974 ἄνωθεν
970 2915 1032 2994 μέν
1054 2933 1086 2991 γε
1110 2907 1220 2985 ύοντες
1241 2909 1431 2996 ὠφελοῦσιν,
1456 2909 1589 2975 ἄνωθεν
1611 2913 1647 2977 δὲ
1674 2912 1742 2997 φῶς
1765 2916 1976 2994 παρέχουσιν.
2022 2909 2071 2983 De
2103 2911 2135 2973 vi

282 3013 462 3099 particulae
485 3019 517 3093 γε’
542 3012 721 3098 disputavit
743 3011 874 3078 Kirhner
895 3011 937 3078 ad
960 3011 1094 3078 Memor.
1118 3009 1142 3092 I,
1166 3011 1196 3092 2,
1223 3011 1272 3076 12.
1317 3003 1485 3078 Hermann
1507 3013 1549 3078 ad
1568 3012 1675 3096 Vigor.
1699 3033 1730 3100 p.
1754 3013 1827 3080 822.

385 3137 440 3206 εἰς
462 3126 614 3212 πόλεις,
638 3128 662 3192 ά
668 3157 683 3206 ς
706 3129 755 3196 ἄν
776 3129 1022 3230 βούλωνται]
1066 3131 1141 3196 Non
1162 3131 1299 3196 iterator
1313 3133 1511 3217 praepositio
1527 3139 1569 3209 είς
1584 3153 1674 3198 more
1691 3133 1844 3218 loquendi
1860 3151 1961 3217 paene
1977 3131 2134 3213 legitimo.

283 3232 483 3298 Omittuntur
504 3233 592 3298 enim
614 3231 872 3317 praepositiones
896 3239 970 3298 ante
991 3237 1185 3319 pronomIna
1212 3235 1349 3302 relativa
1370 3243 1450 3316 torn,
1483 3257 1556 3301 oum
1585 3238 1778 3322 pronomina
1804 3234 2059 3301 demonstrativa
2085 3233 2136 3298 vel

282 3335 484 3402 substantiva
517 3335 664 3422 proxime
699 3335 937 3421 praecedentia,
972 3338 1014 3402 ad
1049 3358 1130 3423 qnae
1164 3341 1356 3420 referuntur,
1390 3339 1560 3404 adiunctas
1595 3359 1649 3405 eas
1684 3341 1746 3406 sibi
1777 3338 1906 3404 habent.
1957 3337 2057 3420 Ages.
2096 3335 2135 3412 ll,

283 3439 317 3502 l:
350 3436 518 3522 ἐπορεύετο
541 3436 599 3502 ad
627 3436 692 3504 τῶν
720 3438 829 3504 αὐτῶν
852 3439 971 3522 ἐθνῶν,
1001 3436 1107 3525 ὦνπερ
1141 3438 1159 3506 d
1186 3446 1320 3525 Πέρσης.
1354 3441 1487 3508 Memor.
1522 3440 1562 3522 II,
1600 3444 1626 3522 l,
1661 3443 1717 3507 32:
1750 3444 1896 3524 τιμῶμαι
1925 3439 1961 3504 δὲ
1989 3436 2135 3522 μάλιστα

280 3539 417 3608 πάντων
436 3551 490 3606 καί
518 3539 614 3624 παρά
643 3547 734 3618 θεοῖς
756 3552 811 3607 καὶ
838 3540 934 3628 παρά
961 3541 1170 3629 άνθρῶποις,
1206 3541 1253 3621 οἷς
1282 3543 1445 3630 προσήκει.
1487 3544 1554 3610 cio.
1584 3545 1624 3610 de
1648 3547 1700 3610 fin.
1723 3542 1777 3624 IV,
1807 3544 1862 3608 20:
1895 3540 2011 3626 (Zeno)
2039 3547 2136 3622 negat

280 3641 458 3724 Platonem,
482 3643 511 3707 si
533 3645 664 3728 sapiens
686 3647 824 3728 nonsit,
853 3647 967 3711 eadem
998 3666 1071 3712 esse
1093 3648 1128 3711 in
1158 3666 1266 3728 cauea,
1293 3666 1357 3732 qua
1377 3653 1551 3731 tyrannum
1579 3646 1784 3730 Dionysium.
1815 3645 1895 3731 Nep.
1927 3644 2043 3710 Cimon
2075 3641 2130 3722 III,

283 3747 315 3810 1:
340 3745 458 3811 incidit
477 3746 511 3810 in
535 3746 671 3811 eandem
694 3748 871 3831 invidiam,
893 3769 991 3834 qnam
1014 3756 1107 3834 pater
1127 3770 1213 3816 suus
1248 3748 1366 3816 Rarius
1388 3750 1584 3834 praepositio
1608 3750 1774 3834 repetitur.
1806 3747 1941 3814 Memor.
1962 3746 2017 3824 Ill,
2041 3746 2072 3826 3,
2095 3747 2134 3810 6:

278 3847 419 3941 πειράσῃ
441 3845 500 3924 τοίς
521 3847 657 3930 μελέτας
677 3850 713 3915 έν
734 3849 892 3926 τοιούτοις
911 3856 1083 3915 ποιεῖσθαι
1104 3857 1241 3935 χωρίοις,
1264 3853 1301 3918 έν
1323 3859 1469 3935 οἵοισπερ
1490 3849 1521 3916 οἱ
1542 3853 1692 3940 πολέμιοι
1713 3857 1886 3932 γίγνονται.
1909 3847 2028 3916 Herod.
2044 3845 2132 3928 VIII,

280 3954 313 4018 8:
335 3955 370 4017 έν
393 3951 428 4015 δὲ
451 3947 555 4038 τούτῳ
574 3950 621 4038 τῷ
641 3949 759 4038 χρόνῳ,
781 3953 873 4039 ε’ντῴ
887 3949 976 4020 ούτοι
999 3951 1147 4035 άριθμόν
1169 3953 1338 4020 ἐποιεῦντο
1360 3955 1426 4019 τῶν
1447 3953 1539 4019 νεῶν.

381 4067 600 4153 θεαμάτων
621 4075 758 4152 ἕνεκα]
807 4072 972 4138 Vocabula
1003 4072 1100 4156 plane
1136 4073 1298 4158 superflua
1331 4073 1479 4140 eicienda
1512 4091 1585 4140 esse
1614 4093 1687 4140 cum
1717 4071 1915 4140 Schneidero
1939 4073 2136 4136 censuerunt

279 4173 434 4258 Coppelle
456 4193 488 4258 p.
510 4173 562 4256 28,
596 4174 864 4244 Breitenbaclrius
887 4175 988 4260 p.10‚
1022 4175 1149 4242 Nicolai
1173 4195 1204 4261 p.
1228 4176 1280 4241 20.

382 4290 642 4375 ἀνθρώποις]
685 4293 734 4360 De
758 4297 878 4362 omisso
901 4295 1037 4361 articulo
1060 4295 1135 4360 vide
1158 4295 1267 4360 adnot
1292 4295 1334 4360 ad
1357 4297 1377 4374 ἓ
1400 4297 1430 4360 2.

382 4417 712 4497 συναγείρεσθαι]
736 4421 772 4480 ut
792 4413 928 4481 Memor.
951 4413 991 4496 ΙΙ,
1015 4415 1045 4496 5,
1069 4415 1108 4480 3:
1135 4412 1194 4479 τόν
1224 4414 1259 4479 dt
1284 4413 1351 4500 πρά
1379 4413 1518 4480 πάντων
1544 4410 1720 4500 χρημάτων
1746 4423 1800 4478 καί
1828 4409 1941 4478 πόνων
1972 4417 2137 4494 πριαίμην

277 4513 321 4580 ῶν
344 4515 441 4599 φίλον
462 4539 518 4597 μοι
539 4511 634 4580 εἶναι.
667 4516 761 4584 Alias
785 4518 862 4584 addi
888 4518 970 4583 solet
993 4517 1176 4584 coniunctio
1196 4516 1285 4582 ὥστε.
1320 4516 1591 4602 Gyr.111,1,36:
1626 4514 1721 4588 λέξον
1737 4539 1805 4599 μοι,
1823 4513 1930 4580 νούσου
1946 4511 1990 4580 ἄν
2006 4518 2131 4596 πρίαιο,

277 4614 358 4682 ῶστε
378 4613 439 4701 τὴν
461 4631 598 4698 γυναῖκα
621 4617 811 4702 ἀπολαβεῖν.
845 4617 943 4686 Recte
963 4620 1132 4685 admonuit
1162 4619 1502 4686 Breitenbaohius
1532 4619 1696 4685 notionem
1728 4616 1908 4702 άξιάτατα,
1941 4635 2024 4702 quae
2051 4617 2137 4681 inest

276 4719 312 4783 ln
345 4719 501 4786 vocabulo
536 4719 818 4804 άξεοθεατάτατα,
853 4723 899 4788 ita
931 4722 1153 4808 praevaluisse
1198 4724 1233 4788 in
1262 4729 1371 4789 mente
1407 4723 1590 4809 scriptoris,
1621 4729 1657 4787 ut
1690 4719 1900 4803 subiungeret
1937 4719 2135 4786 infinitivum

275 4827 541 4904 συναγείρεσθαι.

379 4927 398 5006 5
424 4925 473 4990 12.
498 4924 601 5010 άμφῑ
625 4930 798 5012 θεωρίας
820 4927 1002 5009 ἔχουσιν]
1048 4925 1310 5014 Praepositiones
1332 4936 1422 5011 περὶ
1444 4933 1477 4992 et
1500 4925 1603 5012 άμφῑ
1621 4926 1813 4993 coniunctae
1832 4943 1907 4992 cnm
1926 4921 2034 4989 verbis
2051 4917 2135 4987 εἶναι
