4634 5788
982 320 1179 420 me...

146 527 247 607 tione,
271 547 323 592 res
347 525 533 592 absolvatur
553 521 747 608 (secundum
760 523 826 589 Cle.
850 523 1026 608 Tusculi,
1052 525 1101 606 10,
1125 526 1189 606 21),
1213 531 1245 590 et
1268 529 1302 588 nt
1327 523 1367 590 de
1391 523 1528 607 singulis
1550 523 1645 590 rebus
1669 525 1702 589 ln
1732 531 1901 611 utramque
1930 546 2004 612 par·

147 635 216 696 tem
239 628 370 695 dicendi
400 627 587 694 exercitatio
617 627 806 692 instituatur
831 623 1022 710 (secundum
1040 627 1106 694 Cic.
1132 627 1171 692 de
1194 627 1247 693 fin.
1273 626 1312 710 V,
1335 629 1366 708 4,
1392 624 1456 711 10).
1503 625 1567 692 Sed
1589 647 1662 692 cum
1685 627 1719 692 in
1742 627 1801 694 boe
1828 627 1910 694 libro
1937 628 2004 714 pri-

146 754 239 799 mum
262 753 327 799 non
352 731 472 816 plures,
496 729 554 796 sed
577 729 639 796 duo
670 735 798 796 tantum
828 728 890 795 viri
921 750 1104 796 sermonem
1133 729 1314 808 instituant,
1345 729 1462 796 deinde
1489 750 1556 796 non
1587 728 1674 816 apud
1699 751 1808 812 uuum,
1833 731 1891 798 sed
1918 731 2005 816 apud

147 837 243 916 duos,
267 852 461 920 quamquam
484 832 640 916 vicissim,
662 833 864 917 principatus
887 831 1017 900 dicendi
1040 833 1091 904 sit.
1116 851 1181 898 non
1204 832 1341 917 denique
1364 831 1587 918 philosoprca
1616 834 1757 920 quadam
1785 835 1910 901 ratione
1935 835 2003 900 dis·

147 940 276 1023 putatio
300 942 488 1004 conseratur
510 940 542 1002 et
564 936 760 1015 conficiatur,
783 935 841 1002 sad
863 936 971 1021 potius
986 935 1160 1002 familiarIs
1177 935 1344 1002 cuiusdam
1358 935 1518 1002 sermonis
1533 936 1673 1003 colorem
1685 937 1811 1020 habeat,
1827 937 2003 1005 Brciten-

147 1041 321 1107 baebius
344 1037 461 1125 (prael.
486 1058 516 1124 p.
540 1036 603 1117 XI,
634 1036 690 1123 59)
718 1038 842 1104 iudinat
865 1037 1067 1105 Aristotelici
1095 1038 1218 1122 dialogi
1245 1036 1496 1125 appellationem
1523 1038 1597 1106 huic
1617 1039 1725 1106 libello
1748 1060 1862 1126 parum
1896 1047 2004 1128 aptam

148 1165 234 1226 esse,
256 1144 452 1230 praesertim
476 1161 548 1210 cum
570 1141 756 1210 Aristotelis
780 1141 918 1208 docendi
939 1147 995 1208 ant
1020 1142 1203 1209 disserendi
1225 1143 1385 1209 rationem
1406 1141 1586 1227 Xenophon
1609 1140 1739 1210 novisse
1762 1165 1826 1210 non
1854 1147 2004 1230 potuerit.

149 1246 242 1314 Idem
267 1249 318 1314 111
341 1246 549 1314 doctissimus
572 1246 711 1312 formam
743 1245 941 1312 Socraticam
964 1251 1104 1328 negata
1130 1245 1287 1331 scriptore
1316 1244 1444 1327 dialogo
1472 1241 1647 1311 adhibitam
1679 1267 1750 1313 esse
1777 1251 1809 1313 et
1836 1249 2004 1315 ostendere

149 1351 261 1416 studet
287 1371 344 1418 cur
371 1352 406 1416 in
429 1349 559 1432 dialogo
584 1348 624 1414 dc
647 1347 820 1433 tyrannide
843 1345 991 1414 habendo
1015 1346 1159 1414 Socratis
1181 1367 1350 1434 personae,
1377 1348 1429 1414 eui
1449 1348 1482 1414 in
1507 1349 1624 1415 1111111
1646 1349 1871 1437 XenophontIs
1902 1351 2004 1434 libris,

151 1455 208 1540 qui
233 1475 273 1520 err
297 1451 501 1520 sermonibus
524 1456 684 1532 constant,
706 1452 831 1536 primas
854 1450 1084 1537 disputationis
1107 1435 1222 1536 111111Ι
1240 1451 1376 1518 tributas
1401 1451 1558 1533 videmus,
1593 1450 1683 1519 loeus
1707 1474 1771 1519 non
1794 1455 1901 1522 luerit.
1952 1455 2005 1524 Sic

150 1559 240 1624 enim
270 1561 528 1639 argumentatur:
564 1553 673 1638 „Mala
705 1553 890 1638 tyrannidis
927 1553 1084 1640 explicari
1103 1575 1123 1621 a
1145 1555 1234 1622 nullo
1262 1560 1413 1642 poterant
1441 1555 1557 1622 melius
1589 1576 1685 1641 quam
1708 1555 1748 1622 ab
1775 1578 1823 1637 eo,
1845 1559 1900 1643 qui
1934 1559 2005 1644 ipse

150 1661 212 1727 hae
228 1659 458 1726 infelicissima
477 1657 667 1726 condicione
683 1657 813 1722 functus
831 1663 926 1724 esset.
971 1656 1064 1724 Hanc
1077 1657 1117 1726 cb
1134 1677 1266 1726 causam
1284 1677 1356 1724 cum
1378 1656 1552 1724 Hieronem
1576 1659 1746 1726 statuisset
1768 1659 1808 1726 dc
1830 1681 1864 1728 re
1885 1659 2004 1747 propo-

150 1767 216 1832 sita
240 1765 453 1830 disserentem
476 1763 594 1844 tacere,
617 1767 791 1846 tyrannum
814 1760 871 1827 illo
893 1765 1038 1846 tempore
1061 1761 1324 1847 potentissimum
1360 1765 1393 1826 et
1421 1761 1677 1828 eruditissimum
1708 1768 1803 1849 atque
1831 1766 2006 1834 etiamtunc

155 1869 325 1935 hominum
354 1867 512 1934 memoria
542 1863 843 1945 celebratissimum,
875 1862 1001 1930 Socrati
1023 1864 1106 1931 ullas
1135 1863 1229 1932 buius
1257 1865 1487 1951 disputationis
1514 1871 1622 1951 partes
1655 1867 1809 1934 mandare
1846 1869 1881 1934 in
1915 1891 2004 1936 men-

149 1981 220 2039 tem
246 1973 358 2038 venire
387 1969 594 2057 Xenophonti
623 1989 686 2036 non
714 1973 850 2054 poterat
898 1966 981 2034 Nam
1011 1968 1231 2055 praeceptoris
1252 1953 1303 2036 sui
1324 1969 1563 2036 veneratissImi
1588 1970 1716 2037 tradere
1739 1970 1869 2038 nolebat
1897 1972 2005 2056 verba,

151 2077 219 2142 nisi
240 2095 321 2162 quae
344 2075 529 2160 loquentem
552 2073 644 2140 illurn
667 2073 738 2158 ipse
760 2071 948 2138 audivisset
993 2070 1095 2139 Immo
1119 2073 1238 2156 fingere
1261 2071 1405 2138 Socratis
1433 2092 1505 2140 eum
1529 2072 1669 2142 Hierone
1693 2079 1749 2141 aut
1776 2074 1841 2142 alio
1868 2081 2005 2162 tyranno

151 2199 357 2260 sermonem,
393 2178 420 2244 si
453 2177 627 2251 voluisset,
670 2197 730 2242 nec
763 2175 919 2261 temporis
960 2195 1020 2242 nec
1063 2175 1126 2242 loci
1170 2177 1252 2242 ratio
1287 2175 1502 2262 permittebat.
1547 2175 1590 2242 Ut
1615 2183 1722 2244 autem
1746 2197 1810 2244 non
1834 2198 2005 2264 personam

151 2282 310 2364 Socratis,
333 2281 381 2348 sic
402 2299 462 2347 nee
483 2280 622 2348 formam
646 2279 847 2346 Socraticam
869 2276 999 2361 dialogo
1021 2277 1169 2344 adhibuit
1191 2285 1312 2346 auctor.
1357 2277 1501 2345 Instituit
1523 2279 1631 2364 potins
1654 2280 1817 2363 siugulare
1841 2283 2002 2367 quoddam

153 2385 316 2451 sermonis
340 2403 451 2467 genus,
474 2381 559 2467 quod
581 2381 718 2450 consilio
738 2381 814 2448 libri
835 2400 933 2467 quam
952 2383 1095 2449 maxime
1118 2381 1337 2468 responderet.
1383 2381 1464 2448 (lum
1487 2382 1574 2448 enim
1598 2381 1660 2448 duo
1679 2389 1788 2450 essent
1804 2403 1885 2470 quae
1901 2386 2005 2472 expli·

152 2489 259 2555 canda
281 2486 344 2554 sibi
367 2492 551 2573 sumpserat
570 2483 762 2570 Xenophon,
784 2505 850 2550 uon
872 2485 929 2549 uui
953 2483 1004 2569 (ut
1025 2491 1076 2551 est
1097 2485 1132 2550 iu
1155 2485 1331 2552 Socraticis
1354 2483 1572 2569 sermonibus)
1593 2485 1716 2571 primas
1746 2487 1781 2552 in
1810 2489 2005 2575 disputando

154 2597 266 2678 partes
290 2591 388 2672 dedit,
411 2589 469 2656 sed
492 2588 616 2658 duobus
640 2594 672 2654 et
693 2587 827 2654 alternis
851 2589 992 2674 qnidam.
1037 2588 1181 2656 PrImum
1202 2588 1301 2656 Hiero
1325 2609 1417 2656 suam
1441 2589 1635 2655 sententiam
1659 2588 1781 2656 evincit
1802 2593 1932 2676 tyranni
1956 2594 2002 2659 vi-

155 2703 222 2762 tam
249 2715 320 2762 csse
343 2693 562 2762 miserandam
585 2699 618 2760 et
639 2692 759 2780 privati
781 2692 972 2759 condicione
995 2692 1090 2776 longe
1113 2692 1311 2776 inferiorem,
1333 2691 1449 2780 quibus
1481 2690 1644 2758 concessis
1672 2692 1790 2760 deinde
1823 2692 2005 2764 Simonides

153 2799 326 2884 tyrannide
348 2800 396 2865 uti
416 2799 514 2866 lieerc
534 2799 569 2865 in
593 2795 732 2864 salutm
753 2797 885 2881 tyranni
906 2801 939 2862 ct
960 2796 1080 2863 civium
1104 2796 1314 2878 demonstrat,
1340 2797 1386 2862 ita
1404 2801 1523 2877 1111111,
1545 2800 1581 2860 ut
1595 2793 1742 2878 dialogus
1754 2797 1908 2881 procedat
1920 2819 2004 2865 sem·

155 2924 214 2989 per
236 2909 268 2970 et
290 2903 332 2968 ad
355 2905 450 2968 finem
473 2902 611 2987 demque
634 2899 860 2987 perducatur.“

256 3007 313 3074 Dc
334 3009 351 3073 1
357 3009 420 3074 ide
444 3013 483 3074 et
504 3005 752 3073 anctoritate
775 3002 878 3070 libelli
905 3001 979 3068 aliis
1010 3002 1209 3088 temporibus
1239 3002 1306 3069 alio
1335 3001 1431 3068 modo
1464 3001 1642 3068 iudicatum
1671 3005 1729 3066 est.
1779 2999 1924 3088 Namque
1951 3011 2007 3070 ant

155 3111 252 3176 fallor
285 3117 341 3178 aut
372 3129 484 3177 omnes
516 3107 642 3193 antiqui
680 3125 752 3172 eum
786 3126 806 3171 a
837 3104 1051 3191 Xenophonte
1085 3104 1299 3190 compositum
1330 3125 1401 3172 esse
1432 3104 1584 3184 tradunt,
1618 3107 1654 3169 ut
1689 3103 1926 3172 Athenaeus
1960 3105 2005 3174 III

159 3215 217 3279 121
245 3214 290 3298 D,
325 3213 369 3280 IV
413 3215 475 3278 144
510 3213 551 3294 Ο,
589 3212 648 3276 111
683 3209 725 3291 Ε,
758 3207 962 3292 Diogenes
995 3207 1190 3276 Laertius
1221 3209 1256 3274 in
1294 3209 1363 3274 vita
1400 3206 1548 3294 Xenoph.
1586 3205 1674 3288 XIII,
1718 3205 1908 3274 Stobaeus
1948 3209 2005 3276 ed.

155 3317 273 3384 Mein.
296 3316 336 3399 ll,
359 3318 418 3382 241
445 3317 570 3382 11291.
618 3313 682 3380 Sed
706 3333 779 3378 eum
802 3313 922 3379 nostris
942 3331 1068 3400 quoqne
1090 3311 1289 3398 temporibus
1314 3309 1567 3392 Frctscheri,
1590 3303 1787 3392 Η111111,
1818 3311 2005 3399 Sauppji,

155 3418 477 3489 Breitenbaehii
500 3419 617 3486 librum
640 3415 680 3483 ab
703 3437 751 3497 eo,
775 3415 932 3501 adquam
956 3415 1103 3497 refertur,
1126 3414 1345 3500 conscriptum
1362 3435 1434 3481 essa
1461 3413 1656 3500 putaverint,
1684 3413 1783 3480 etiam
1805 3415 2006 3497 exstiterunt,

157 3524 211 3610 qni
234 3524 262 3589 si
285 3522 402 3590 librum
422 3519 647 3607 Xenophontis
668 3537 740 3586 esse
762 3536 827 3582 non
850 3518 1056 3601 negaverint,
1085 3523 1248 3586 attamen
1275 3518 1371 3585 tidem
1402 3522 1435 3583 et
1460 3517 1683 3583 auctoritatem
1711 3516 1780 3581 eius
1811 3518 1846 3582 iu
1874 3517 2007 3585 dubium

157 3625 356 3707 vocaverint,
389 3631 425 3689 ut
453 3623 699 3709 Caspersina
733 3621 768 3687 iu
804 3619 885 3687 libro
916 3619 1203 3705 RichIInghusicno
1241 3622 1283 3688 de
1316 3620 1477 3707 Apologia
1510 3618 1630 3704 scripte
1665 3615 1777 3702 (1836)
1811 3639 1842 3704 p.
1870 3621 1946 3687 811
1972 3621 2006 3688 F.

156 3730 355 3811 Rachiae,
379 3730 433 3815 qui
458 3727 493 3794 in
512 3723 783 3794 commentatione
807 3725 848 3790 de
870 3722 1096 3810 Xenophontis
1107 3725 1176 3790 vita
1193 3729 1226 3790 et
1244 3725 1374 3811 seriptis
1398 3721 1556 3801 (Baralini
1579 3719 1677 3806 18111)
1699 3741 1731 3806 p.
1751 3723 1793 3788 25
1810 3722 1850 3788 dc
1867 3721 2007 3794 Hierone

157 3832 285 3916 dialogo
307 3832 367 3899 hoc
391 3831 486 3898 dicit:
511 3828 569 3911 „Iu
586 3828 646 3895 hoc
669 3826 751 3893 libro
777 3826 852 3892 licet
866 3826 969 3893 multa
990 3826 1225 3913 Xenophontas
1247 3827 1385 3893 invenIri
1409 3824 1595 3907 concedam,
1618 3831 1817 3891 tamencum
1841 3825 1881 3892 ab
1901 3827 1957 3894 illo
1973 3851 2007 3896 re

157 3955 234 4000 vera
257 3936 413 4022 scriptum
437 3953 508 4000 esse
532 3933 694 3998 affirmare
717 3951 781 3996 nou
804 3929 939 3996 audeo.“
976 3929 1085 4013 Longe
1108 3930 1203 3998 aliter
1225 3929 1326 3996 sentit
1346 3927 1474 3994 Adolf
1491 3926 1658 3994 Nicolai
1679 3925 1795 4004 (Uebar
1809 3925 2007 4016 Xenophane

157 4037 266 4118 Hiero,
288 4037 415 4102 Dassau
441 4035 533 4101 1810.
578 4032 646 4100 SI
668 4030 741 4117 sq.),
770 4033 861 4098 cuius
884 4033 1147 4120 disputationem,
1171 4055 1243 4101 eum
1273 4033 1375 4099 multa
1402 4050 1502 4117 eaque
1530 4031 1644 4115 gravia
1669 4027 1782 4097 afferat
1808 4039 2007 4117 argumenta,

158 4140 273 4228 quibas
296 4139 415 4206 librum
437 4137 646 4225 Xenophonti
669 4155 734 4202 non
756 4135 1007 4204 abiudieandum
1028 4157 1100 4204 esse
1123 4133 1732 4214 111111111111111111111111,111111
1755 4133 1858 4200 doctis
1875 4153 2007 4222 prorsus

158 4245 338 4324 neglectam
361 4263 431 4309 1111
455 4263 494 4308 ax
518 4241 618 4308 animi
650 4239 813 4306 sententia
840 4257 935 4322 aegre
959 4245 1054 4327 atque
1087 4239 1201 4307 acerbe
1228 4241 1307 4307 1111.
1364 4236 1511 4322 Denique
1538 4235 1723 4321 nuperrime
1754 4235 1778 4302 I.
1805 4235 2007 4306 Sitzlerus
2118 4287 2128 4300 .

159 4349 205 4426 (in
220 4347 303 4414 libro
316 4345 550 4432 Progymnasii,
564 4344 648 4430 quod
661 4347 712 4410 est
730 4341 898 4429 Episcopii
910 4363 938 4409 a.
960 4341 995 4409 T.
1023 4339 1119 4428 1814)
1136 4341 1357 4426 „argumentis
1374 4340 1553 4424 desumptis
1571 4343 1602 4403 11
1618 4357 1657 4403 ex
1673 4359 1789 4422 genere
1804 4342 2008 4428 scriptorum,

159 4471 293 4538 quorum
316 4453 350 4517 iu
375 4468 508 4516 numero
531 4446 629 4514 Hiero
653 4450 712 4528 est,
736 4451 769 4512 et
791 4465 831 4511 ex
853 4447 1012 4531 personis,
1037 4465 1118 4532 quae
1142 4451 1251 4532 partes
1275 4443 1396 4527 dialogi
1412 4445 1522 4526 agunt,
1541 4445 1626 4507 etex
1642 4442 1796 4524 oratione,
1812 4463 1876 4529 qua
1897 4451 2008 4512 arrctor

158 4555 266 4636 utitur,
291 4561 323 4619 et
338 4575 378 4620 ex
400 4553 505 4634 rebus,
530 4569 611 4637 quae
634 4549 694 4616 hoc
717 4548 799 4614 libro
822 4554 1011 4632 tractantur,
1037 4555 1068 4616 et
1091 4571 1131 4615 ex
1154 4556 1298 4636 tempore
1321 4569 1360 4614 ae
1383 4545 1529 4628 consilio,
1553 4563 1614 4630 quo
1635 4544 1717 4612 liber
1739 4547 1941 4634 conscriptus
1955 4549 2007 4630 sit,

156 4655 405 4743 Xenophontem
426 4655 522 4722 huius
544 4653 647 4720 libelli
669 4659 832 4722 auctorem
855 4674 920 4722 non
942 4655 1035 4722 esse“
1059 4653 1283 4721 demonstrare
1307 4649 1440 4717 studuit.
1485 4649 1576 4728 Quod
1593 4670 1670 4716 uum
1695 4649 1724 4715 ei
1744 4650 1923 4734 contigerit,
1948 4652 2007 4718 dvr-

159 4761 240 4826 bitat
259 4757 308 4826 W.
333 4757 491 4824 Nitsche
514 4755 681 4844 (‚,Berieht
702 4757 781 4824 liber
803 4757 855 4823 die
881 4757 1092 4824 1814-1817
1116 4754 1393 4825 verbllentlichten
1416 4754 1474 4819 anf
1495 4752 1675 4840 Xenophon
1705 4752 1914 4836 bezbglichen
1945 4757 2024 4850 Ilr·¹

158 4863 285 4930 beiten“
310 4863 344 4927 in
367 4861 430 4927 deu
452 4857 735 4928 Jahresberichten
757 4859 836 4927 dher
858 4861 911 4926 die
936 4859 1144 4926 Fortschritte
1168 4860 1225 4926 der
1248 4857 1454 4926 elassisehen'
1470 4856 1899 4924 Alterthumsrdsscnschalt
1920 4881 1950 4925 v.
1973 4859 2009 4925 C.

160 4969 308 5036 Bursian.
331 4966 443 5034 Berlin
468 4965 560 5031 1819.
604 4965 665 5031 Bd.
688 4964 708 5028 9
731 4985 762 5049 p.
784 4964 935 5041 25-28).

1817 5061 1855 5130 1*
