4634 5788
989 418 1153 432 *mansa-nuum«
1156 418 1190 432 mv

167 537 391 621 πεπραγμένα.
434 537 539 606 ΑοεΙ).
563 535 617 623 ΙΙΙ,
640 537 670 620 2,
696 539 752 604 11:
786 536 964 626 a'vapvp'oa
987 537 1072 622 δμῶς
1099 545 1153 604 καί
1175 534 1249 614 τυδς
1277 535 1342 602 τῶν
1367 533 1536 620 προγόνων
1563 534 1627 602 τῶν
1655 531 1815 622 ἡμετέρων
1836 533 2015 615 κινδύνους.

170 635 223 702 Τά
245 641 282 704 ἐν
304 642 350 727 τῷ
372 641 523 730 ἰδιωτικῷ
544 645 602 731 βίῳ
626 649 702 709 sunt
730 643 957 725 „commodo
978 649 1018 708 et
1040 641 1320 722 incommoda,
1351 639 1589 724 voluptates
1607 645 1644 706 et
1663 639 1895 726 molestiae,
1915 664 2016 728 quae

169 741 359 810 accidunt
379 743 532 812 homini
554 746 762 831 privato.“
808 745 865 812 Fr.
888 744 1042 811 Portus.

273 844 392 928 odra]
414 848 618 916 referendum
642 853 691 914 est
714 848 755 914 ad
776 848 1004 935 praecedentia
1030 847 1089 914 hoc
1110 865 1219 912 sensu:
1244 845 1279 910 si
1300 844 1370 910 lroc
1392 846 1557 922 feceris,
1583 845 1622 912 si
1645 845 1745 912 mihi
1775 847 1817 912 in
1850 855 2015 916 mentem

171 951 440 1020 revocaveris,
500 951 604 1018 Anab.
634 951 656 1032 Ι,
691 953 719 1034 l,
753 953 806 1018 10:
849 956 932 1016 αι’τεί
957 947 1058 1016 αδτδν
1084 953 1126 1026 είς
1154 949 1328 1032 δισχιλίους
1351 945 1462 1025 ξένους
1489 957 1543 1014 καί
1565 949 1662 1032 τριῶν
1680 949 1791 1033 μηνῶν
1812 947 1953 1035 μισδάν,
1977 950 2017 1027 ῶς

170 1050 276 1117 οὕτω
298 1051 540 1137 περιγενόμενος
561 1053 605 1120 άν
625 1055 691 1120 τῶν
710 1060 790 1120 οἴκοι
814 1053 1087 1120 άντιστασιωτῶν.
1123 1051 1176 1131 ΙΙΙ,
1204 1057 1230 1133 1,
1254 1053 1310 1118 2οε
1334 1050 1351 1116 ὁ
1372 1051 1408 1116 δὲ
1429 1049 1590 1136 Ξενυμῶν
1611 1051 1650 1144 τῇ
1674 1055 1735 1134 μὲν
1749 1050 1896 1134 ἐβούλετο
1912 1050 2016 1120 ταιῖτα

170 1155 230 1236 (sc.
262 1153 442 1242 ὑποστῆναι
473 1154 532 1243 τήν
559 1155 676 1244 caxae)
704 1157 846 1243 νομίζων
872 1167 926 1223 καί
952 1154 1011 1243 την
1040 1153 1136 1240 τιμήν
1172 1153 1303 1232 οὕτως
1332 1153 1438 1242 ἑαυτῷ
1470 1159 1648 1236 γίγνεσθαι.
1683 1153 1816 1222 Memor.
1838 1155 1863 1238 I,
1895 1160 1925 1240 2,
1961 1159 2016 1223 59:

169 1256 342 1346 Σωκράτης
364 1257 393 1324 δ’
415 1258 455 1324 οδ
475 1259 566 1325 ταῦτ’
587 1263 680 1345 ἔλεγε,
703 1271 757 1326 καὶ
779 1259 841 1346 γάρ
863 1257 982 1326 ἑαυτδν
1003 1260 1105 1324 οὕτω
1122 1259 1158 1340 (1.
1177 1281 1203 1324 e.
1226 1268 1255 1324 εί
1283 1257 1376 1324 ταῦτ’
1396 1254 1493 1342 ἔλεγε)
1517 1257 1543 1338 γ’
1572 1257 1615 1322 άν
1645 1253 1725 1344 ciero
1752 1259 1819 1326 δεῖν
1844 1264 2017 1326 παιέσίλαι.

172 1359 435 1430 condicionalem
459 1383 529 1430 esse
551 1385 670 1432 nexum
692 1367 777 1432 inter
799 1361 882 1429 οὕτω
905 1367 937 1428 et
958 1359 1128 1428 δύνασθαι
1155 1360 1274 1446 δηλοῦν
1300 1361 1375 1428 inde
1396 1366 1550 1446 apparet,
1579 1360 1664 1444 quod
1686 1359 1730 1426 άν
1745 1362 1918 1446 particula,
1937 1381 2017 1448 quae

171 1465 311 1548 pertinet
331 1465 375 1532 ad
396 1464 583 1551 δύνασθαι,
604 1467 809 1550 subiungitur
832 1463 954 1532 voculis
978 1461 1061 1528 οὕτω
1084 1461 1155 1548 γάρ.

273 1569 346 1646 ξ4.
371 1568 470 1634 οὕτω
493 1569 537 1655 δη
559 1575 596 1636 Σ.
619 1567 730 1651 εἶπε]
776 1569 818 1636 ut
843 1588 917 1634 rara
940 1571 1015 1632 sunt
1037 1566 1196 1652 exempla,
1212 1567 1245 1632 in
1262 1566 1377 1651 quibus
1392 1568 1586 1654 pronomina
1602 1564 1683 1650 ὅδε,
1707 1566 1879 1652 τοιόσδε,
1902 1568 2017 1636 adrer-

172 1669 258 1735 bium
280 1667 352 1737 ῶδε
374 1671 416 1737 ad
439 1674 664 1740 antecedentia
685 1675 876 1752 referuntur,
892 1671 938 1737 ita
954 1668 1066 1736 erebra
1082 1675 1156 1734 sunt
1181 1669 1340 1754 exempla,
1363 1670 1527 1755 inquibus
1548 1665 1677 1754 οὗτος,
1701 1667 1807 1752 οὕτω,
1830 1671 2018 1760 τοιοῦτος,

172 1773 358 1850 τοσοῦτος
379 1776 543 1860 pertinent
570 1776 612 1843 ad
642 1777 818 1864 sequentia.
869 1776 942 1860 Gyr.
964 1772 1020 1856 ΙΙΙ,
1051 1773 1081 1856 2,
1112 1773 1170 1838 22:
1200 1771 1316 1840 οὑτωσί
1341 1780 1462 1857 τοίνυν,
1491 1775 1561 1859 ἔφη,
1588 1769 1649 1854 eya
1668 1770 1808 1857 ποιήσω·
1836 1773 2019 1860 οὐδετέροις

172 1875 262 1960 ὑμῶν
282 1876 326 1942 τά
350 1877 435 1964 άκρα
458 1879 658 1964 παραδῶσιν.
703 1881 788 1949 Vide
810 1880 942 1948 Ktrhner
965 1878 1008 1944 ad
1031 1876 1164 1944 Memor.
1188 1877 1211 1960 Ι,
1235 1877 1266 1959 2,
1288 1877 1319 1943 3.

273 1978 360 2058 τοδς
384 1986 457 2065 μὲν
486 1980 530 2066 δη
557 1981 740 2070 ι’διῶτας].
794 1983 918 2064 Verba,
948 1983 983 2047 in
1013 1981 1127 2068 quibus
1156 1982 1333 2067 praecipua
1357 1981 1407 2048 vis
1435 1981 1668 2048 enuntiationis
1702 1982 1892 2064 continetur,
1925 1985 2017 2050 initio

171 2083 278 2168 posita
298 2092 383 2168 sunt,
407 2092 443 2151 nt
463 2083 482 2160 ξ
504 2087 541 2151 6:
562 2085 609 2176 τῷ
631 2085 764 2176 δ’δττνῳ.
778 2093 901 2172 -μὲν
924 2083 970 2172 δη’
991 2086 1169 2171 particulae
1192 2086 1329 2150 usitatae
1353 2090 1428 2150 sunt
1451 2106 1515 2152 una
1537 2106 1571 2152 re
1597 2084 1746 2154 absoluta
1768 2087 1802 2152 in
1825 2087 2017 2153 transitione

173 2186 214 2251 ed
236 2186 382 2254 alteram.
427 2187 611 2256 Simonides
635 2192 719 2257 enim
745 2193 950 2277 expositurus
973 2195 1022 2256 est
1045 2209 1136 2272 reges
1151 2188 1306 2253 maiorem
1323 2207 1380 2274 per
1396 2207 1510 2254 sensus
1526 2189 1692 2273 percipere
1709 2188 1905 2276 voluptatem
1923 2209 2017 2274 quarn

172 2291 314 2375 privatos
338 2290 504 2370 homines;
526 2294 561 2358 fit
584 2293 681 2378 igitur
703 2295 753 2360 lris
769 2295 940 2382 particulis
963 2293 1120 2358 transitus
1138 2291 1265 2357 adrem
1282 2291 1395 2379 ipsam,
1413 2311 1494 2376 qnae
1511 2291 1656 2356 oratione
1674 2290 1825 2358 Hieronis
1845 2313 2018 2378 praepara-

172 2403 206 2459 ta
228 2401 285 2462 est.
310 2394 614 2474 ίίοεςιειτιίτο
636 2402 697 2480 μὲν
719 2396 758 2484 δη
781 2447 787 2464 .
812 2447 819 2462 .
844 2447 851 2461 .
875 2394 993 2463 ,πάνυ
1016 2393 1167 2479 συγχωρῶ
1190 2445 1197 2460 .
1222 2445 1228 2458 .
1253 2445 1260 2459 .
1284 2391 1355 2460 ἄλλ’
1377 2393 1456 2482 ὁρᾷς
1478 2394 1543 2460 κτλ.
1589 2395 1692 2462 Anab.
1716 2395 1755 2480 ΙΙ,
1780 2399 1811 2480 6,
1831 2395 2020 2464 tamarae

171 2503 232 2580 μὲν
253 2495 294 2584 δη“
316 2496 430 2586 άηανῆ
451 2498 552 2572 ἔξεστι
575 2510 647 2586 περί
671 2499 772 2568 armori
792 2501 988 2588 ψεύδεσθαι,
1013 2499 1036 2564 δι’
1058 2501 1094 2566 δὲ
1114 2497 1235 2576 πάντες
1256 2504 1346 2564 ἴσασι
1369 2497 1445 2565 τάδ’
1466 2499 1542 2565 ἐστί.
1587 2497 1670 2564 Hell.
1695 2498 1749 2580 Vl,
1772 2501 1802 2578 5,
1830 2501 1886 2566 16:
1916 2510 1970 2565 καὶ
1991 2499 2021 2566 οἱ

172 2605 233 2684 μὲν
255 2600 295 2686 δη
316 2600 471 2686 Ἀρκάδες
493 2602 576 2688 ὁμοῦ
597 2603 658 2692 ἢδη
678 2605 868 2691 ἐγεγένηντο.
1410 2589 1416 2604 ’

275 2703 377 2770 δοκῶ
397 2730 463 2790 μοι
485 2705 892 2793 καταμεμαθηκέναι]Ι
944 2706 1051 2774 Verba
1080 2728 1152 2774 cum
1180 2706 1362 2772 urbanitate
1393 2703 1532 2790 quadam
1564 2703 1610 2768 ita
1638 2703 1843 2788 dictasunt,
1872 2713 1907 2772 ut
1934 2707 2020 2772 idern

173 2809 303 2874 ualeant
325 2807 410 2893 quod
432 2808 706 2896 xerapepoittqaa,
729 2830 823 2895 quem
839 2829 933 2876 usum
949 2811 1038 2876 verbi
1052 2810 1158 2876 δοκεῖν
1178 2809 1335 2895 exemplis
1355 2807 1599 2873 illustraverunt
1613 2803 1784 2890 Berglcrus
1799 2809 1839 2874 ad
1856 2810 2020 2896 Aristoplr.

136 2951 143 2964 ·
173 2909 254 2977 Plut.
277 2911 352 2992 422,
397 2911 556 2978 Ruhnken
577 2913 619 2979 ad
641 2911 722 2978 Tim.
746 2931 778 3000 p.
798 2913 871 2978 281.

276 3012 340 3078 διά
362 3019 436 3098 μὲν
457 3015 532 3081 τῶν
554 3011 812 3102 διγδαλμῶνλ.
857 3015 905 3082 De
928 3037 988 3081 neu
1012 3035 1165 3082 sensuum
1190 3015 1255 3082 vid.
1279 3014 1412 3082 Memor.
1436 3013 1460 3096 Ι,
1483 3013 1515 3095 4,
1538 3013 1568 3079 5.
1595 3049 1635 3060 -

275 3115 323 3181 τά
346 3117 390 3182 δὲ
413 3115 641 3202 ἀφροδίσια
664 3117 706 3184 δι’
733 3113 784 3184 ῶν
805 3117 961 3196 πάντες
980 3117 1272 3204 ἐπιστάμεθα]
1318 3117 1468 3183 Notanda
1492 3121 1542 3182 eet
1564 3116 1695 3199 elegans
1719 3115 1777 3182 illa
1800 3118 2019 3186 membrorum

172 3220 350 3302 collocatio,
374 3221 428 3306 qui
451 3219 614 3286 chiasmns
637 3221 774 3287 vocitari
793 3221 884 3288 solet.
924 3221 1076 3306 Vulgaris
1093 3222 1171 3289 ordo
1189 3219 1357 3288 verborum
1375 3226 1463 3286 crat:
1488 3217 1529 3285 δι’
1546 3215 1784 3304 duciacinse
1800 3220 2021 3306 ἐπιστάμεθα,

173 3321 385 3407 άφρυδισίυις.
431 3323 512 3388 Cum
536 3331 644 3390 autern
668 3323 850 3391 Simonides
874 3333 984 3411 aperte
1008 3327 1117 3392 dicere
1140 3327 1221 3392 nolit
1243 3325 1321 3411 quid
1344 3325 1463 3390 efficiat
1485 3321 1668 3390 hominibus
1702 3323 1898 3407 voluptatem
1931 3345 2021 3392 ama·

172 3426 299 3508 teriam,
323 3427 488 3512 superiore
511 3428 625 3494 relicta
647 3433 809 3494 structura
831 3429 929 3495 verba
950 3427 993 3493 τά
1025 3431 1061 3496 δὲ
1090 3428 1269 3515 δηροδίσια
1301 3427 1489 3512 praemittit.
1541 3426 1602 3492 Hic
1625 3427 1828 3493 accusativus
1857 3419 1978 3513 pendet
2005 3449 2024 3496 a

172 3529 268 3596 verbo
292 3531 435 3612 generali
458 3529 500 3602 th.
523 3531 544 3596 l.
567 3529 810 3616 αἰσθάνεσθαι)
826 3532 1037 3615 intelligendo
1061 3555 1101 3600 ex
1123 3532 1230 3598 verbis
1258 3529 1468 3616 specialibus,
1499 3549 1580 3614 qnae
1611 3530 1807 3596 antecedunt
1833 3529 2025 3616 (ἡδομένους

172 3649 206 3700 τε
228 3641 284 3700 καί
306 3631 520 3718 α’χίλομένους.
545 3671 586 3682 -
607 3634 655 3700 δι’
677 3631 753 3702 ῶνα
766 3633 823 3700 διά
846 3632 979 3720 τούτων,
1003 3633 1051 3721 ά.)

276 3734 443 3824 §aila
459 3736 511 3824 τῷ
526 3735 705 3824 δείματα]
738 3738 885 3804 Tactus
901 3744 987 3804 toto
1004 3759 1170 3824 corpore
1186 3737 1579 3823 aequabiliterfusns
1611 3741 1679 3818 est,
1701 3743 1744 3802 nt
1763 3755 1892 3804 omnes
1916 3739 2023 3805 ictus

175 3860 389 3926 omnesque
412 3841 600 3906 minimos
624 3849 664 3908 et
685 3841 866 3925 frigoris
890 3847 928 3907 et
950 3842 1098 3908 caloris
1126 3841 1316 3927 appulsus
1342 3840 1504 3904 sentire
1527 3840 1746 3925 possimus.
1794 3840 1860 3907 Cic.
1887 3842 1928 3908 do
1958 3849 2024 3911 nat.

174 3944 260 4012 deor.
279 3944 320 4028 ll,
343 3944 484 4026 56,141.

274 4045 579 4136 coadunatim]
625 4047 735 4114 Thom.
760 4046 845 4132 Mag.
868 4069 899 4134 p.
928 4049 1008 4114 246:
1032 4046 1138 4132 ῶσπερ
1161 4047 1293 4130 λέγομεν
1322 4045 1410 4110 δοκῶ
1430 4069 1497 4128 μοι,
1521 4042 1604 4108 οὕτω
1627 4053 1682 4110 καί
1704 4054 1760 4130 μοὶ
1779 4046 1941 4132 δοκοῦμεν
1972 4049 2025 4112 ἐπὶ

173 4149 408 4236 πληθυντικοῦ,

274 4249 498 4340 ἕπάδτοίς.]
544 4254 639 4322 Haud
661 4275 734 4322 raro
757 4254 808 4336 lit,
832 4260 868 4320 ut
890 4255 1064 4342 scriptores
1088 4254 1205 4322 Graeci
1229 4262 1260 4320 et
1281 4252 1390 4320 Latini
1414 4253 1455 4322 ad
1478 4255 1574 4320 linem
1596 4251 1648 4318 vel
1671 4255 1912 4338 perspicuitatis
1928 4273 2026 4320 causa

173 4355 284 4422 veleb
307 4357 463 4422 maiorem
485 4359 553 4423 vim
565 4358 788 4426 antecedentis
812 4358 953 4424 nominis
978 4359 1142 4424 notionem
1165 4357 1374 4441 subsequenti
1395 4356 1586 4442 pronomine
1603 4355 2024 4441 demonstrativorepetant.

174 4456 357 4526 Secundum
380 4461 652 4526 constructionem
684 4462 917 4528 enuntiationis
949 4462 1171 4530 antecedentis
1201 4466 1441 4547 exspectamus:
1481 4473 1547 4538 τοῖς
1577 4460 1612 4524 δὲ
1645 4455 1761 4542 ψύχεσι
1798 4468 1851 4524 καί
1881 4457 2025 4527 θάλπεσι

173 4571 230 4628 καί
257 4564 403 4650 σκληροῖς
440 4573 496 4630 καλ
528 4565 688 4647 μαλακοῖς
713 4614 719 4629 .
744 4615 750 4628 .
775 4563 962 4648 ,δοκοῦμεν
995 4564 1136 4650 ἥδεσθαί
1169 4590 1202 4630 τε
1234 4575 1288 4632 καὶ
1322 4566 1510 4648 λυπεῖσθαι,
1540 4568 1699 4649 κρίνοντες
1733 4559 1850 4646 (area)
1884 4561 1948 4650 ὅλῳ
1980 4563 2027 4650 τῷ

172 4665 308 4750 σώματι.

276 4767 325 4834 δι’
346 4767 466 4854 αδτῆς
487 4769 554 4856 τῆς
577 4769 721 4856 ψυχῆς]
747 4770 833 4836 εοΙε
855 4771 1027 4836 an'irnao
1054 4771 1198 4856 corporis
1228 4772 1452 4838 communione
1476 4769 1629 4838 seiuncta.
1681 4769 1756 4836 Oee.
1777 4768 1846 4836 Vll.
1872 4769 1906 4835 3:
1929 4767 1973 4834 τά
1994 4792 2028 4851 γε

174 4873 210 4936 ἐν
231 4872 271 4963 τῇ
291 4877 375 4954 οἰκίᾳ
399 4869 495 4958 αὕτη
516 4871 536 4959 ἦ
558 4870 636 4957 γυνη
661 4873 750 4938 ἐστιν
771 4869 867 4958 tuave
889 4872 1030 4938 διοικεῖν.
1066 4871 1198 4940 Memor.
1220 4872 1273 4950 ΙΙΙ,
1300 4874 1349 4952 14,
1373 4874 1408 4939 3;
1428 4871 1491 4939 δάν
1513 4896 1561 4949 τις
1583 4872 1661 4938 ἄνευ
1683 4871 1742 4938 τοῦ
1764 4877 1855 4938 σίτου
1877 4870 1915 4937 εδ
1938 4871 2027 4958 ὄψον

173 4973 271 5041 atat
293 4975 399 5068 ἓσδίη.
444 4973 518 5059 Cyr.
544 4974 629 5054 Vlll,
655 4975 691 5051 4,
715 4977 750 5040 2:
784 4974 882 5040 ὁπότε
905 4975 940 5040 δὲ
963 4973 1077 5041 adnot
1103 4971 1178 5056 εΙεν,
1205 4985 1259 5042 καί
1282 4977 1490 5044 συνεδείπνει.
1529 4975 1577 5042 De
1600 4995 1634 5040 re
1657 4995 1706 5060 eq.
1732 4973 1770 5056 V,
1795 4975 1850 5040 10:
1876 4973 1967 5060 άρκεί
1992 4974 2027 5040 δὲ
