4634 5788
1207 340 1246 405 16

1123 425 1240 444 WVWWV
1244 425 1325 440 ν’νᾺΛΛ

294 563 399 610 sermo
423 543 463 608 de
486 545 659 628 voluptate,
684 563 764 628 quoe
789 563 828 610 ex
852 543 932 610 cibis
956 547 1091 630 capitur,
1123 546 1229 612 linitus
1260 551 1318 626 est,
1348 543 1531 609 simonides
1560 543 1676 607 transit
1707 541 1753 608 οδ
1784 538 2003 626 pretiosos'et
2033 546 2138 610 varios

293 647 418 725 odores,
442 665 481 712 ex
504 647 619 732 quibus
640 655 794 730 tyrannos
818 646 925 714 minus
948 645 1123 732 voluptatis
1151 666 1266 732 capere
1289 667 1386 734 quam
1409 645 1537 714 sodales
1558 667 1630 710 cum
1648 646 1688 710 iis
1706 649 1872 712 versantes
1890 645 2139 712 demonstratur.

293 749 396 817 Ιοοττε
433 769 511 816 num
550 749 609 816 hoc
650 746 754 830 modo]
782 751 816 817 iu
856 748 1029 832 genuinam
1058 750 1194 815 formam
1222 751 1388 818 restitutus
1419 749 1462 816 sit
1492 748 1671 815 diiudicare
1700 767 1763 812 nou
1803 747 1916 826 audeo,
1953 766 2026 812 cum
2060 748 2138 814 milri

294 853 437 918 nondum
463 853 543 918 satis
567 854 676 940 opinio
701 859 835 920 constet.

398 955 491 1032 526.
515 951 830 1034 κινδυνεύουσιν]
876 954 1062 1022 Heindorlio
1085 955 1269 1042 postulante
1295 955 1508 1022 Schneiderus
1539 961 1614 1040 post
1635 953 1877 1021 κινδυνεύουσιν
1905 955 2042 1022 inseruit
2070 961 2138 1036 ούν,

294 1077 397 1142 neque
420 1062 506 1122 reete
530 1059 652 1124 statuit.
697 1057 861 1143 Frequens
885 1059 971 1124 enim
993 1065 1043 1125 est
1066 1058 1245 1143 asyndeton
1269 1057 1303 1124 in
1326 1078 1427 1124 novae
1456 1057 1685 1144 disputationis
1716 1058 1888 1144 principio.
1939 1057 2012 1124 Pari
2045 1057 2139 1122 modo

294 1163 365 1226 siue
388 1159 504 1245 copula
519 1159 716 1227 κινδυνεύειν
738 1163 878 1247 positum
895 1169 945 1228 est
966 1162 1084 1228 Oecon.
1109 1161 1197 1242 XVI,
1222 1162 1278 1226 12:
1302 1158 1477 1226 κινδυνεύει
1498 1161 1601 1244 ἔαρος,
1623 1161 1693 1245 ἔφη,
1724 1156 1807 1224 εἶναι
1832 1157 1948 1225 τούτου
1969 1157 2028 1225 τοῦ
2048 1161 2139 1244 ἔργου

295 1261 440 1346 ἀρκτέον.
487 1261 618 1330 Memor.
644 1262 697 1342 lV,
722 1267 751 1332 2.
775 1265 830 1329 34:
854 1262 1039 1346 enodaverim,
1062 1265 1132 1350 ἔφη,
1152 1261 1177 1330 ὦ
1197 1261 1374 1347 Σώκρατες,
1403 1259 1721 1348 ἀναμφιλογώτατον
1743 1258 1827 1327 εἶναι
1850 1261 1887 1328 τό
1917 1261 2133 1344 εάδαιμονείν.

294 1365 342 1431 De
367 1364 462 1430 verbo
485 1365 691 1448 κινδυνεύειν,
715 1365 800 1452 qood
822 1367 907 1452 apud
931 1369 1056 1434 Atticos
1081 1368 1256 1455 scriptores
1277 1385 1508 1452 saepenumero
1544 1366 1704 1447 significat
1734 1364 1877 1446 videri,
1911 1366 1984 1431 vide
2014 1364 2137 1432 Timaei

299 1467 408 1533 Gloss.
431 1487 461 1553 p.
488 1467 557 1533 159.
580 1467 735 1554 (culos.)

400 1569 441 1636 αἱ
469 1571 547 1636 τῶν
576 1570 829 1654 ἀφροδισίων
855 1569 982 1654 μόνον
1005 1569 1097 1655 όμίν
1119 1569 1366 1648 ἀπολαύσεις
1388 1611 1401 1622 -
1424 1573 1623 1654 παρέχειν]
1674 1567 1808 1636 Notabis
1842 1569 2009 1635 verborum
2040 1569 2138 1634 collo·

295 1675 454 1740 cntionem
479 1694 536 1759 pro
558 1672 594 1740 αἱ
616 1675 681 1738 τῶν
704 1671 909 1756 ἀφροδισίων
930 1672 1128 1750 ἀπολαύσεις
1148 1671 1252 1758 μόνον
1274 1671 1350 1757 ύμῖν
1373 1722 1380 1737 .
1404 1721 1412 1736 .
1437 1723 1443 1737 .
1467 1679 1631 1758 παρέχειν.

396 1777 437 1842 ἐν
457 1775 528 1860 γάρ
554 1773 690 1864 τούτῳ]
746 1775 978 1861 Exspeclamus
1001 1777 1037 1840 ἐν
1057 1773 1212 1856 ταύταις,·
1234 1775 1292 1840 sed
1315 1775 1411 1842 habet
1432 1776 1467 1840 in
1490 1775 1752 1859 mentescriplor
1766 1775 1802 1839 δν
1820 1776 1866 1857 τῷ
1883 1771 2140 1858 ἀφροδισιάζειν,

296 1897 391 1962 quam
416 1899 526 1945 vocem
549 1879 687 1962 legimus
711 1877 817 1959 111,4.

396 1982 416 2059 ξ
438 1981 489 2048 27.
512 1983 584 2046 νῦν
605 1979 668 2067 δι’]
694 2002 767 2048 cum
791 1979 906 2048 affectu
924 1979 1063 2064 quodem
1077 1979 1199 2046 dictum
1217 1988 1280 2044 est:
1294 2001 1378 2046 nunc
1395 2001 1479 2060 vero,
1498 1981 1545 2045 uti
1560 1979 1670 2046 statim
1689 1978 1861 2060 intelliges,
1877 1977 1990 2042 dixisti
2006 1977 2139 2062 aliquid.

396 2079 446 2148 σοι’
452 2081 488 2167 φ’
507 2085 612 2162 ἴσθι]
638 2083 768 2150 additur
791 2083 831 2148 ad
855 2103 981 2148 omnem
1006 2082 1240 2150 dubitationem
1262 2081 1450 2149 tollendam.
1494 2081 1658 2168 Usurpant
1677 2081 1851 2167 scriptores
1868 2080 1949 2145 hanc
1963 2080 2139 2145 dictionem

293 2186 389 2252 modo
413 2187 625 2271 praemissam
649 2186 782 2271 reliquis
806 2185 921 2261 verbis,
951 2185 1046 2250 modo
1075 2174 1301 2271 postpositam,
1329 2185 1424 2251 modo
1444 2184 1570 2250 mediae
1596 2184 1733 2250 orationi
1768 2184 1934 2248 insertam.
1989 2181 2052 2248 Ci..
2071 2180 2137 2247 Cic.

296 2288 391 2356 Catil.
415 2287 469 2360 ΙΙΙ.
496 2288 550 2354 17ε
575 2287 658 2354 huno
682 2288 844 2355 hominem
869 2338 876 2354 .
900 2337 909 2353 .
932 2336 940 2352 .
967 2287 1030 2352 nisi
1054 2288 1295 2373 compulissem,
1317 2288 1445 2354 dicam
1469 2287 1507 2352 id
1536 2288 1636 2372 quod
1664 2287 1810 2365 sentio,
1842 2305 1904 2350 non
1932 2283 2028 2350 facile
2057 2283 2139 2350 hanc

295 2399 419 2458 tantam
442 2391 561 2457 molem
585 2390 662 2456 mali
687 2411 705 2457 a
729 2389 908 2457 cervicibus
931 2392 1048 2457 vestris
1071 2390 1280 2478 depulissem.

395 2494 553 2578 πρῶτον
570 2500 643 2577 μὲν
666 2492 736 2576 γάρ
760 2489 895 2580 γάμος]
941 2493 999 2561 Ηίε
1023 2495 1173 2581 opposita
1195 2502 1271 2562 sunt
1293 2514 1374 2582 quae
1398 2501 1574 2580 sequuntur
1597 2491 1682 2556 iufra
1702 2493 1722 2572 ξ
1745 2491 1801 2555 29:
1827 2493 1863 2556 ἐν
1884 2491 1920 2554 dd
1936 2501 2005 2565 τοῖς
2024 2488 2137 2552 παιδι-

294 2609 369 2673 κοτς.
413 2595 568 2681 Loquitur
591 2597 677 2661 euim
700 2595 797 2662 Hiero
820 2597 924 2680 primo
949 2596 1019 2663 loco
1042 2597 1082 2662 de
1111 2596 1340 2684 voluptatibus,
1363 2617 1444 2683 quae
1475 2599 1646 2679 capiuntur
1676 2615 1692 2660 e
1722 2593 1939 2670 matrimonio,
1968 2591 2070 2658 altaro
2100 2591 2139 2656 de

294 2718 467 2785 puerorum
479 2718 597 2764 amore.
627 2698 864 2764 Discernuntur
875 2704 982 2764 autem
993 2699 1052 2763 τοῦ
1062 2697 1168 2782 γάμοο
1179 2701 1242 2765 tria
1264 2720 1399 2783 genera:
1424 2702 1452 2765 1.
1476 2697 1573 2782 dptv
1593 2699 1627 2763 ἐκ
1647 2694 1820 2780 μειζόνων,
1848 2698 1878 2761 2.
1903 2692 2052 2777 δεύτερον
2075 2693 2139 2759 d'd

292 2805 326 2866 da
347 2802 413 2866 τῶν
434 2799 575 2883 ὁμοίων,
610 2803 640 2865 3.
663 2799 682 2865 ό
704 2799 734 2865 δ’
752 2803 785 2866 ἐκ
805 2803 870 2866 τόν
892 2801 1112 2885 φαυλοτέρων.
1155 2801 1208 2868 Ad
1231 2799 1380 2885 δεύτερον
1408 2800 1445 2866 δὲ
1473 2799 1689 2886 supplendum
1716 2807 1765 2864 est
1801 2819 1840 2864 ex
1870 2795 2138 2883 praecedentibus

293 2898 479 2977 κάλλισεοςε
504 2902 646 2968 secundo
669 2902 739 2968 loco
763 2899 1013 2989 pulcherrimum
1034 2911 1084 2968 est
1106 2905 1358 2984 matrimonium,
1381 2903 1465 2988 quod
1488 2905 1587 2968 initur
1602 2905 1687 2968 inter
1702 2901 1864 2988 aequales.
1906 2899 2009 2966 Locus
2030 2907 2139 2964 nostro

295 3002 482 3070 simillimus
506 3009 555 3070 est
578 3003 643 3071 Cic.
668 3004 707 3070 de
731 3005 783 3070 tin.
809 3003 831 3086 l,
856 3005 885 3086 6,
912 3005 1046 3070 17-19.

396 3104 520 3189 γάμος
543 3105 562 3170 ό
583 3107 621 3171 ἐκ
652 3103 863 3195 μειζόνων]
891 3113 928 3172 ut
956 3113 1005 3174 est
1028 3105 1123 3193 paulo
1151 3107 1235 3173 infra
1256 3110 1290 3172 ἐκ
1311 3106 1449 3191 μειόνων
1468 3123 1590 3191 γαμεῖν.
1639 3107 1737 3172 llulto
1760 3107 1801 3172 ad
1823 3106 1880 3171 has
1902 3105 2059 3170 dictiones
2082 3125 2139 3169 ex-

295 3208 464 3294 plicandas
488 3210 637 3295 exempla
660 3211 768 3274 attrrlit
792 3208 962 3296 Sauppius.
988 3211 1027 3276 de
1051 3209 1132 3275 Ven.
1157 3211 1179 3290 l,
1204 3211 1238 3275 9:
1261 3212 1295 3276 ἐκ
1314 3217 1375 3293 μὲν
1397 3209 1520 3287 πόλεως
1540 3211 1596 3296 τῆς
1616 3217 1761 3295 μεγίστης
1783 3211 1892 3294 γῆμαι.
1941 3207 2017 3274 Eur.
2045 3206 2139 3273 Rhes.

297 3311 372 3378 168:
398 3311 671 3394 aristedemes
692 3309 850 3394 μειζόνων
872 3327 986 3395 γαμεῖν
1008 3313 1106 3377 θέλω.
1152 3315 1309 3379 Androm.
1332 3315 1409 3378 957:
1432 3311 1473 3389 ἀς
1495 3316 1600 3399 φίλων
1618 3321 1680 3398 μὲν
1702 3313 1746 3379 ἀν
1770 3310 1897 3396 γήμαιά
1920 3311 1979 3376 ἀπ’
1998 3310 2139 3395 ἀνδρῶν.

296 3414 375 3481 Plat.
399 3415 533 3481 Conviv.
557 3418 620 3481 666
644 3415 688 3480 Ε;
712 3415 792 3498 τταρΊ
814 3415 994 3500 ἐλευθέρων
1015 3429 1137 3499 γαμείν.
1161 3451 1201 3464 -
1228 3415 1352 3499 γάμος
1378 3435 1451 3482 cum
1482 3417 1656 3482 universali
1685 3416 1824 3503 quadam
1858 3417 1891 3480 vi
1918 3415 2139 3501 praepositum

295 3523 356 3582 est:
387 3517 432 3581 de
463 3518 617 3601 nuptiis
652 3520 685 3582 si
723 3517 934 3582 dicendum
968 3524 1045 3599 est,
1079 3518 1126 3584 ad
1157 3519 1320 3604 nuptias
1354 3517 1454 3604 quod
1492 3522 1655 3598 attinet,
1689 3519 1777 3584 velut
1806 3516 1826 3595 ἕ
1853 3519 1911 3583 26:
1940 3517 2005 3581 τόν
2032 3523 2139 3598 σίτων,

295 3621 315 3699 ξ
336 3621 395 3684 33:
422 3617 595 3702 Δαίλόχου.

397 3719 540 3804 δήπου]
565 3720 647 3786 solet
669 3722 766 3806 loqui.
792 3722 845 3806 quii
869 3742 903 3788 se
926 3728 1018 3807 putot
1036 3743 1102 3797 eos,
1126 3724 1182 3808 qui
1204 3722 1347 3794 audiunt
1370 3725 1403 3789 iu
1421 3743 1455 3789 re
1467 3733 1645 3790 memorato
1655 3724 1872 3790 assentientes
1886 3719 2013 3787 habere.
2036 3720 2140 3788 Anab.

297 3822 334 3904 V,
356 3823 385 3904 7,
409 3825 443 3888 9:
467 3834 521 3888 καί
543 3821 583 3908 δή
606 3823 830 3908 ἀποβαίνομεν
851 3831 895 3900 τίς
912 3821 971 3909 τήν
991 3823 1114 3908 χώραν·
1137 3823 1301 3906 γνώσεσθε
1323 3823 1438 3912 δύμον,
1462 3825 1510 3890 ὅτι
1534 3826 1591 3892 otis
1612 3829 1648 3892 ἐν
1671 3829 1710 3919 τῇ
1731 3823 1867 3890 ‘sledda
1892 3827 1973 3888 ἐστέ.

398 3927 651 4010 φιλοτιμίαν]
676 3929 845 4010 φιλοτιμία
869 3927 997 4012 proprie
1020 3927 1138 3993 dieitur
1161 3927 1200 3992 de
1224 3927 1357 3993 laudis
1381 3929 1624 4016 honorisque
1656 3927 1807 4004 studio,
1831 3933 1866 3992 ut
1888 3924 1958 4007 vll,
1981 3927 2018 3990 3:
2042 3923 2061 4011 ἡ
2084 3926 2118 3990 δὲ

295 4031 464 4116 φιλοτιμία
488 4027 555 4094 οὔτ’
575 4031 610 4094 ἐν
632 4043 697 4104 τοῖς
720 4027 847 4109 ἀλόγοις
869 4026 962 4116 ζῴοις
981 4027 1137 4113 ἐμφύεται
1167 4029 1236 4094 οὔτ’
1261 4032 1296 4096 δν
1319 4030 1447 4097 ἅπασιν
1469 4031 1670 4117 ἀνθρώποις.
1715 4031 1780 4098 Sed
1803 4029 1861 4096 hoc
1884 4030 1965 4108 loco,
1995 4029 2028 4094 id
2055 4029 2142 4114 quod

295 4139 430 4219 apparet
452 4152 492 4198 ex
524 4131 564 4196 iis
587 4150 669 4215 quae
693 4138 878 4216 sequuntur,
903 4138 953 4198 est
974 4133 1169 4214 dignitas.

398 4235 490 4310 §28-
516 4231 561 4299 od
579 4230 703 4320 πάνυ]
732 4246 796 4300 uon
818 4235 905 4301 idem
927 4241 986 4316 est,
1018 4235 1102 4319 quod
1134 4233 1295 4318 οδδαμῶς,
1324 4236 1383 4302 sed
1409 4235 1488 4302 haee
1514 4235 1644 4302 dicendi
1674 4235 1815 4301 formula
1841 4235 1962 4301 adeas
1992 4235 2141 4319 pertinet,

297 4337 413 4425 quibus
434 4337 558 4422 aliquid
581 4336 685 4402 lenius
709 4338 910 4422 exprimitur,
931 4357 1027 4423 quem
1047 4335 1185 4419 intelligi
1211 4336 1315 4418 debet,
1342 4339 1400 4404 sed
1415 4338 1573 4423 quomodo
1590 4337 1623 4404 id
1640 4337 1778 4421 intelligi
1794 4337 1910 4404 debeat
1927 4339 1962 4404 in
1983 4336 2142 4424 loquendo

297 4441 385 4508 vocis
395 4461 473 4506 sonu
488 4439 658 4506 ludicatur.
694 4441 767 4506 Oec.
782 4439 851 4520 Vll,
868 4443 978 4506 1εέπεὶ
989 4438 1033 4505 τά
1044 4463 1076 4521 γε
1087 4441 1223 4506 πλείστα
1237 4438 1459 4524 ἢπράκτοντά
1468 4465 1499 4504 τι
1512 4439 1576 4526 όριό
1591 4459 1627 4506 σε
1646 4437 1667 4525 ἢ
1692 4437 1731 4504 οδ
1757 4437 1849 4505 πάνυ
1875 4439 2080 4523 σχολάζοντα
2107 4441 2143 4505 δν

296 4545 336 4636 τῇ
358 4544 479 4627 ἀγορᾷ,
504 4545 514 4608 i
538 4563 564 4610 e.
586 4543 671 4608 deon
694 4543 811 4609 immer
833 4541 908 4608 seire
930 4541 982 4608 ich
1010 4541 1084 4608 dich
1111 4541 1273 4608 entweder
1294 4543 1370 4608 sehr
1392 4542 1593 4626 beschaftigt,
1617 4543 1695 4610 oder
1717 4541 1797 4608 doch
1816 4541 1906 4608 nicht
1920 4560 2003 4624 ganz
2019 4543 2143 4625 mussig

297 4647 356 4712 aul
375 4646 449 4712 dem
473 4646 609 4712 Markte.
655 4645 737 4710 Plat.
760 4645 854 4712 llleno
879 4646 918 4711 71
943 4645 981 4711 0:
1013 4644 1051 4710 τό
1077 4642 1169 4711 ιτάυο
1193 4653 1257 4730 είμί
1282 4644 1420 4731 μνήμων
1447 4647 1466 4711 l.
1497 4665 1524 4710 e.
1556 4645 1646 4711 nicht
1672 4645 1727 4711 bin
1757 4645 1808 4710 ich
1836 4645 1895 4710 mit
1924 4645 2030 4710 ciuem
2060 4665 2142 4728 ganz

297 4755 394 4832 guteu
417 4747 632 4815 Gedaelrtniss
655 4746 821 4815 versehen.
866 4746 903 4814 ln
926 4747 976 4813 his
999 4749 1027 4812 si
1050 4748 1231 4814 diceremus
1254 4748 1474 4830 „durchaus
1500 4747 1645 4829 nicht,“
1669 4748 1851 4814 diceremus
1873 4746 2031 4831 asperius.

398 4849 500 4916 πολύ
525 4901 532 4916 .
556 4899 563 4914 .
587 4901 594 4914 .
617 4849 885 4935 εύφραόνουσι
907 4847 1096 4933 μάλιστα]
1142 4850 1420 4917 videmussed
1444 4853 1464 4929 ξ
1490 4853 1522 4914 1;
1546 4849 1647 4928 οὕτως
1668 4849 1762 4926 ὄντος
1778 4851 1884 4934 σοφοῦ
1905 4847 2033 4934 ἀνδρός.

398 4959 589 5037 μέγιστον
611 4953 859 5038 φρονουσῶν]
882 4959 917 5018 ut
941 4951 1071 5018 Memor.
1101 4951 1124 5026 I,
1146 4959 1171 5035 l,
1194 4955 1248 5018 13:
1269 4951 1343 5028 τούς
1364 4958 1516 5035 μέγιστον
1536 4954 1756 5036 φρονοῦντας,
1780 4951 1833 5021 IV.
1854 4954 1883 5018 7.
1900 4959 1936 5018 e:
1961 4951 2144 5036 όμέγιστον
