4634 5788
1124 339 1211 352 ιᾹΛΑΙΗΝῚ
1220 339 1270 352 ΚΛΜ
1277 338 1327 353 ’ἄν

304 479 382 526 suae
403 455 553 525 utilitatis
576 477 675 524 causa
697 455 835 543 patriam
855 477 965 524 amare
988 455 1135 538 debeant,
1158 463 1268 522 tamen
1292 455 1378 522 cives
1395 455 1541 523 imbelles
1565 453 1699 523 reddere
1723 453 1826 542 iisque
1849 451 1968 522 milites
1997 457 2146 520 externos

305 563 606 647 mercennariosque
617 560 781 647 praeferre
799 559 853 645 (V,
880 560 987 646 1-4),
1010 559 1201 646 quinetiam
1224 579 1264 625 ne
1280 557 1468 642 benigniore
1488 558 1618 645 quidem
1641 579 1789 626 annonae
1812 565 1970 645 proventu
1992 563 2147 643 tyrannos

304 685 462 731 unacum
485 665 601 730 ceteris
624 683 720 750 posse
742 664 856 730 laetari
880 665 1041 746 timentes,
1064 683 1104 730 ne
1128 663 1271 730 ubertate
1296 685 1402 729 rerum
1424 664 1500 730 elati
1524 664 1611 730 cives
1635 664 1798 730 difficilius
1822 665 1931 748 iugum
1947 663 2064 730 servile
2086 681 2146 748 pa-

303 770 425 835 tiantur
447 765 507 854 (5).
561 767 667 854 Atque
701 765 799 832 Hiero
834 774 868 832 ut
891 766 1090 833 demonstret
1111 786 1207 853 quam
1230 767 1350 834 misera
1369 773 1579 852 tyrannorum
1601 767 1686 833 vitae
1709 767 1753 833 sit
1775 767 1932 849 condicio,
1962 766 2145 834 iucundita-

303 879 368 938 tem
390 873 486 953 vitae,
509 891 606 957 quam
629 871 774 957 privatus
798 869 909 953 egerit,
930 877 1096 956 comparat
1118 891 1189 938 cum
1213 872 1320 953 malis,
1338 891 1418 956 quae
1442 871 1511 957 ipse
1541 875 1693 957 expertus
1722 875 1778 954 sit,
1808 892 1848 938 cx
1876 891 1937 958 quo
1965 872 2147 958 pervenerit

303 975 344 1041 ad
367 995 512 1058 regnum.
558 972 659 1043 Grata
680 972 865 1060 aequalium
888 975 1129 1060 amicorumque
1150 975 1390 1058 consuetudine,
1415 993 1478 1059 qua
1503 973 1648 1059 privatus
1671 972 1765 1040 homo
1793 973 1858 1040 frui
1887 975 2036 1060 potuerit,
2068 974 2148 1039 dicit

303 1100 337 1145 se
360 1099 431 1144 esse
452 1075 627 1163 spoliatum
649 1083 684 1143 et
706 1087 785 1162 quos
808 1081 904 1144 antea
925 1097 1034 1143 amore
1057 1075 1226 1164 amplexus
1249 1079 1301 1160 eit,
1325 1096 1380 1144 cos
1402 1077 1525 1164 pariter
1542 1081 1639 1162 atque
1662 1083 1785 1144 ceteros
1808 1075 1869 1142 sibi
1901 1097 1972 1142 asse
2001 1085 2146 1142 metuen-

303 1182 377 1256 dos,
401 1183 509 1267 itaque
530 1201 603 1248 cum
627 1180 696 1246 dies
720 1187 892 1266 noctesque
916 1187 1048 1247 vexetur
1070 1181 1195 1264 timore,
1220 1183 1274 1267 qni
1305 1183 1415 1248 omnia
1441 1180 1560 1265 gaudia
1585 1179 1700 1264 turbet,
1731 1200 1796 1246 non
1827 1179 1924 1246 aliam
1955 1199 2025 1246 esse
2054 1199 2145 1246 suam

303 1283 536 1366 condicionem,
553 1302 650 1368 quarn
673 1302 754 1366 quae
780 1284 823 1350 sit
842 1303 961 1366 eorum,
985 1285 1039 1368 qui
1073 1285 1106 1350 in
1137 1282 1219 1350 bello
1248 1285 1403 1352 adversus
1430 1285 1538 1352 hostes
1567 1284 1780 1350 constiterint.
1827 1283 1875 1350 Ac
1898 1303 1938 1348 ne
1961 1283 2145 1348 custodibus

302 1389 443 1472 quidem,
467 1387 520 1472 qui
533 1386 687 1472 praemiis
710 1385 885 1472 propositis
909 1385 1005 1454 lacile
1031 1386 1160 1472 possint
1177 1387 1321 1473 perduci,
1341 1395 1376 1454 ut
1393 1387 1524 1456 domino
1547 1388 1614 1453 vim
1637 1387 1787 1470 inierant,
1802 1385 1961 1452 confidere
1976 1405 2073 1472 posse
2095 1393 2142 1470 ty-

302 1511 450 1574 rannum,
474 1511 576 1576 neque
599 1490 743 1556 omnium
766 1489 907 1555 maxime
930 1489 1041 1555 iuvare
1063 1490 1186 1556 amicos
1206 1496 1238 1556 et
1256 1489 1427 1576 profligare
1453 1491 1657 1557 adversarios
1685 1489 1778 1574 (Vl);
1800 1491 1878 1576 quin
1901 1491 1999 1556 etiam
2021 1510 2097 1554 vero
2116 1498 2147 1554 et

302 1600 392 1678 grato
414 1594 534 1660 honoro
557 1613 665 1660 carere
688 1599 852 1678 tyrannos,
873 1593 927 1678 qui
950 1591 1105 1658 habeatur
1127 1612 1147 1658 a
1169 1591 1344 1676 benevolis,
1370 1593 1429 1660 scd
1450 1593 1624 1680 participes
1648 1615 1718 1660 esse
1731 1595 1890 1676 simulati,
1913 1595 1966 1678 qui
1984 1595 2147 1679 exprima-

301 1704 354 1763 tur
375 1696 415 1763 ab
437 1696 548 1762 invitis
572 1701 604 1760 et
625 1695 841 1762 metuentibus
866 1694 951 1782 (Vll,
975 1695 1102 1773 1-10).
1139 1694 1221 1760 Tum
1243 1695 1340 1762 Hiero
1364 1695 1525 1764 Simonidi
1555 1697 1686 1762 miranti
1709 1717 1780 1776 cur,
1809 1698 1837 1762 si
1860 1703 1927 1763 tam
1955 1717 2148 1762 aerumnosa

302 1802 346 1867 sit
366 1799 496 1885 tyranni
519 1798 675 1880 condicio,
698 1805 787 1865 tanto
803 1799 889 1866 malo
913 1819 947 1866 se
971 1819 1036 1864 non
1058 1795 1173 1864 liberet
1201 1798 1375 1884 respondet
1401 1799 1488 1866 istud
1511 1799 1633 1866 malum
1655 1799 1714 1866 hac
1738 1802 1810 1887 ipsa
1832 1802 1865 1866 in
1888 1807 1979 1887 parte
2002 1802 2146 1867 miserri-

302 1925 391 1970 mum
412 1923 493 1982 esse,
515 1902 601 1988 quod
621 1907 779 1986 tyrannus
802 1903 932 1989 impune
955 1902 1126 1988 tyrannide
1153 1923 1188 1970 se
1211 1901 1361 1970 abdicare
1385 1923 1449 1970 non
1470 1905 1576 1990 possit
1597 1923 1700 1990 neque
1722 1903 1897 1990 quidquam
1927 1903 1955 1970 ei
1984 1904 2146 1990 expedire,

302 2025 397 2092 quam
420 2014 456 2072 ut
477 2006 590 2092 laqueo
612 2007 702 2072 liniat
722 2006 822 2072 vitam
845 2003 1011 2090 (ll-13).

404 2110 454 2176 lta
476 2130 549 2176 cum
569 2107 667 2176 lliero
690 2109 888 2176 tristissimis
911 2108 1018 2176 vorbis
1041 2116 1120 2193 quot
1141 2111 1332 2198 quantisque
1355 2110 1451 2178 malis
1474 2117 1685 2196 tyrannorum
1708 2111 1775 2178 vita
1796 2110 1956 2178 afficiatur
1990 2111 2146 2194 docuerit,

302 2215 367 2280 iarn
391 2212 574 2279 Simonides
597 2212 767 2280 ostendere
790 2212 898 2280 studet
919 2213 1124 2296 tyrannidem
1147 2235 1210 2281 nou
1234 2214 1339 2280 solum
1361 2214 1568 2280 incommoda
1589 2213 1717 2298 babere,
1741 2213 1799 2279 sed
1815 2214 1912 2280 etiam
1924 2233 2043 2297 magna
2059 2235 2146 2280 enro-

302 2319 460 2384 lomenta:
485 2323 639 2402 tyrannos
660 2315 788 2382 facilius
811 2335 907 2400 quam
931 2315 1074 2402 privatos
1099 2317 1185 2383 viros
1208 2314 1344 2382 aliorum
1369 2315 1431 2384 sibi
1459 2318 1632 2384 conciliare
1659 2335 1755 2404 posse
1783 2336 1924 2384 amorem
1953 2317 2146 2384 benevolen-

300 2423 453 2506 tiamque,
477 2418 562 2504 quod
585 2424 617 2484 et
639 2420 781 2502 gratiora
802 2437 822 2484 a
844 2424 981 2504 tyranno
1004 2419 1249 2506 proficiscantur
1270 2419 1380 2484 omnia
1403 2419 1645 2486 benevolentiae
1667 2420 1762 2502 signa
1783 2426 1815 2484 et
1830 2420 1925 2504 longe
1940 2419 2034 2506 plura
2050 2419 2146 2486 bene·

301 2525 373 2590 licia
395 2523 555 2610 praestari
577 2523 705 2607 possint
725 2541 821 2608 quam
846 2521 1014 2608 aprivato
1038 2520 1139 2608 (VIII,
1164 2523 1269 2600 1-7).
1313 2522 1420 2608 Atque
1443 2543 1517 2588 cum
1539 2522 1636 2590 Hiero
1659 2528 1790 2590 moneat
1808 2528 1957 2608 tyranno,
1981 2528 2017 2589 ut
2039 2525 2146 2606 regiae

301 2628 480 2695 maiestatis
504 2625 611 2692 cilicia
632 2629 785 2712 praestet,
813 2625 908 2710 plura
935 2627 1065 2712 negotia
1096 2645 1167 2692 esse
1196 2625 1352 2707 obeunda,
1383 2646 1464 2712 quae
1494 2625 1605 2692 odium
1633 2626 1762 2713 pariant
1791 2622 1939 2710 (8-10),
1963 2625 2146 2692 Simonides

301 2732 425 2814 suadet,
447 2737 482 2796 ut
504 2730 694 2812 canegotia,
718 2747 799 2814 quae
823 2735 915 2812 grata
937 2729 1013 2810 sint,
1037 2730 1107 2814 ipse
1130 2728 1344 2810 administret,
1368 2749 1449 2815 quae
1472 2735 1579 2798 autem
1602 2729 1698 2796 iacile
1720 2727 1893 2810 offendant,
1917 2749 1974 2815 per
1994 2730 2076 2798 alios
2092 2751 2146 2814 ge-

301 2835 402 2904 renda
425 2841 516 2901 curet
537 2830 624 2920 (Ill).
670 2830 829 2899 Invidiam
853 2833 1147 2900 mercennariorum
1163 2831 1303 2898 militum
1323 2831 1420 2898 facile
1441 2851 1538 2918 posse
1558 2833 1663 2916 vitari,
1687 2834 1717 2898 si
1739 2854 1804 2898 non
1827 2833 1930 2900 solum
1953 2835 1996 2900 ad
2017 2836 2147 2918 tyranni

300 2939 443 3026 corporis
467 2937 646 3004 custodiam
668 2935 807 3018 alantur,
838 2935 897 3002 sed
927 2936 1024 3002 etiam
1057 2935 1098 3002 ad
1127 2935 1264 3002 salutem
1293 2935 1412 3002 civium
1439 2936 1591 3003 tuendam
1621 2933 1692 3021 (ll).
1742 2935 1887 3022 Denique
1918 2957 2050 3004 necesse
2078 2958 2148 3004 esse

300 3048 472 3128 tyrannum
496 3059 560 3105 non
583 3057 732 3106 recusare
755 3036 829 3104 boni
851 3036 973 3124 publici
996 3058 1094 3104 causa
1117 3038 1156 3106 de
1179 3039 1246 3104 suis
1270 3057 1394 3126 quoque
1418 3037 1625 3106 facultatibus
1638 3045 1785 3124 sumptus
1799 3040 1914 3122 iacere,
1937 3047 1972 3106 ut
1990 3040 2145 3106 eturbem

300 3143 495 3212 omnimodo
519 3150 653 3210 exornet
675 3148 706 3208 et
729 3142 893 3208 civitatem
916 3143 1031 3210 reddet
1053 3161 1149 3226 quam
1171 3138 1404 3208 beatissimam.
1454 3141 1546 3220 Quod
1567 3143 1595 3208 si
1617 3143 1739 3224 iecerit,
1762 3143 1947 3226 facilefora,
1970 3151 2006 3210 ut
2028 3145 2146 3210 civium

300 3268 440 3316 amorem
481 3246 527 3312 ita
564 3244 626 3311 sibi
667 3243 834 3324 conciliet,
874 3251 909 3310 ut
950 3265 1061 3312 omnes
1099 3244 1277 3310 commodis
1316 3244 1447 3328 tyranni
1485 3245 1663 3328 gaudeant,
1712 3264 1824 3314 omnes
1857 3267 1915 3332 pro
1950 3245 2042 3314 bonis
2079 3247 2146 3312 eius

299 3359 464 3436 tamquam
487 3368 545 3434 pro
568 3349 636 3414 suis
659 3346 824 3426 dimicent,
847 3367 969 3428 omnes,
994 3369 1074 3434 quae
1095 3347 1182 3434 apud
1202 3349 1325 3414 amicos
1349 3348 1416 3414 sint
1438 3368 1526 3435 opes,
1551 3369 1605 3416 eas
1628 3349 1717 3416 illius
1740 3371 1812 3416 esse
1838 3351 1992 3416 iudicent.
2037 3350 2145 3436 ltaque

299 3455 421 3520 amicos
444 3451 642 3536 locupletare
665 3471 706 3516 ne
730 3449 862 3532 dubitet,
887 3470 961 3518 cum
984 3459 1087 3520 semet
1108 3453 1216 3537 ipsum
1237 3451 1296 3518 hoc
1317 3450 1413 3516 modo
1437 3451 1596 3520 ditaturus
1609 3454 1667 3520 sit:
1688 3452 1919 3540 rempublicam
1934 3459 2059 3535 augeat,
2075 3473 2145 3518 cum

299 3556 429 3622 sibimet
450 3554 514 3640 ipsi
537 3555 715 3639 potentiam
738 3555 781 3620 sit
802 3555 1027 3622 adiuncturus:
1049 3561 1216 3642 comparet
1237 3554 1433 3641 reipublicae
1455 3553 1531 3622 belli
1555 3556 1670 3638 socios,
1683 3557 1822 3642 patriam
1837 3556 2002 3622 existimet
2016 3555 2146 3622 domurn

299 3679 381 3738 esse,
404 3659 491 3725 cives
515 3659 631 3740 socios,
654 3659 775 3726 amicos
799 3657 927 3740 liberos,
951 3658 1069 3726 liberos
1092 3657 1173 3724 nibil
1195 3658 1285 3724 aliud
1307 3677 1404 3744 quum
1424 3658 1528 3744 ipsius
1551 3659 1707 3726 animum.
1750 3661 1855 3744 Atque
1878 3659 1936 3726 hos
1959 3681 2071 3726 omnes
2094 3660 2147 3725 be-

300 3764 423 3832 neficiis
446 3783 599 3849 superare
622 3762 805 3830 contendat
850 3761 934 3828 Nam
957 3762 985 3828 si
1008 3762 1131 3828 amicos
1153 3761 1317 3830 beneficiis
1342 3761 1465 3842 vicerit,
1489 3761 1640 3828 resistere
1660 3760 1709 3826 illi
1725 3760 1831 3826 hostes
1852 3783 1917 3826 non
1933 3783 2038 3848 posse.
2084 3761 2147 3826 De-

301 3869 396 3954 nique
419 3867 447 3932 si
472 3865 530 3932 illa
551 3865 661 3930 omnia
683 3866 889 3950 praestiterit,
918 3865 1010 3935 illum
1040 3865 1135 3948 longe
1159 3864 1309 3932 humanis
1341 3866 1374 3930 in
1405 3863 1500 3931 rebus
1529 3864 1826 3950 praeclarissimum
1859 3865 2148 3950 felicissimumque

300 3973 557 4048 consecuturum,
579 3973 624 4050 ut,
647 3969 777 4034 tametsi
800 3967 911 4036 beatus
934 3969 986 4048 sit,
1012 3967 1170 4034 invidiam
1192 3973 1389 4035 tamennon
1412 3967 1598 4053 experiatur
1619 3963 1703 4052 (xl).

402 4069 561 4150 Quoniam
585 4069 625 4135 de
648 4068 749 4136 libelli
773 4077 961 4156 argumento
985 4071 1144 4158 diximus,
1176 4070 1401 4158 exponendum
1431 4071 1497 4136 iam
1528 4069 1654 4138 videtur
1688 4070 1766 4155 quid
1794 4071 1855 4138 viri
1878 4070 1965 4136 docti
1988 4071 2147 4137 senserint

299 4176 338 4242 de
361 4175 466 4241 torma
488 4173 619 4256 dialogi,
644 4173 684 4240 de
707 4174 768 4240 lide
792 4179 824 4240 et
846 4174 1048 4258 auctoritate,
1070 4175 1110 4242 de
1131 4174 1277 4256 consilio,
1301 4173 1387 4259 quod
1402 4175 1436 4238 in
1448 4173 1678 4242 conscribendo
1695 4172 1805 4240 libello
1826 4181 1936 4242 erector
1950 4181 2079 4242 secutus
2096 4175 2147 4255 sit,

299 4281 339 4346 de
361 4285 517 4366 tempore,
540 4297 602 4364 quo
628 4279 831 4362 conscriptus
850 4277 1008 4345 videatur.

401 4383 507 4468 Atque
534 4383 676 4469 primum
707 4380 838 4468 quidem
865 4380 1032 4450 formam
1061 4377 1181 4464 dialogi
1208 4379 1424 4467 Kappeyne
1452 4401 1524 4448 van
1548 4381 1591 4447 dc
1615 4379 1808 4467 Coppelle
1837 4379 2090 4458 (nosen-aciones
2114 4382 2143 4446 iu

299 4485 522 4572 Xenophontis
546 4485 712 4568 dialogum
733 4483 918 4567 Hieronem,
944 4483 1044 4568 Lugd.
1088 4484 1198 4552 Batav.
1226 4486 1308 4552 1841
1330 4506 1363 4572 p.
1390 4485 1525 4563 18-23)
1547 4489 1639 4570 putat
1653 4485 1966 4570 proximeaccedere
1982 4485 2145 4568 adgeoos,

299 4589 382 4674 quod
407 4590 533 4656 dicatur
555 4589 810 4672 Aristotelicum,
832 4590 924 4656 cuius
947 4589 1005 4654 lroc
1025 4587 1192 4672 proprium
1215 4587 1258 4654 sit
1279 4587 1351 4654 coll.
1380 4587 1503 4654 Basilio
1526 4585 1644 4670 Magno
1659 4585 1779 4674 (Epist.
1799 4587 1946 4656 CLXVII
1963 4587 2051 4656 Tom.
2066 4590 2145 4674 Opp.

299 4690 343 4756 lll
368 4711 399 4776 p.
426 4691 485 4756 187
510 4690 561 4776 C),
584 4713 605 4757 ιι
638 4692 746 4778 ipsum
763 4693 875 4760 statim
892 4696 1116 4774 argumentum
1139 4691 1372 4774 aggrediantur
1388 4691 1601 4775 disputantes,
1620 4697 1655 4756 ut
1679 4713 1741 4758 non
1758 4691 1816 4757 illa
1830 4691 1997 4760 Socratica
2012 4695 2147 4760 interro·

299 4793 396 4876 gandi
433 4794 666 4880 respondendi,
698 4795 873 4882 quaerendi
902 4794 1073 4862 dubitandi
1106 4795 1349 4876 consuetudine,
1387 4795 1571 4876 sedonius,
1610 4816 1709 4881 penes
1744 4815 1838 4880 quem
1872 4795 1916 4861 sit
1948 4795 2147 4880 principatus

299 4896 441 4984 qnidam,
465 4898 638 4984 praecipue
662 4899 814 4978 continua
832 4897 987 4979 oratione,
1011 4899 1192 4984 praemissa
1215 4899 1352 4966 fortasse
1375 4897 1511 4964 aliarum
1535 4899 1575 4964 de
1594 4899 1706 4964 eodem
1723 4899 1792 4966 loco
1810 4901 2042 4964 serotentiarom
2060 4921 2147 4964 nico-
