4634 5788
1028 367 1032 376 ι
1052 373 1057 378 .
1084 363 1104 377 ν’
1123 361 1211 378 nulnum

182 481 359 568 φρονήσας.
398 484 500 550 ¹llaud
527 505 601 550 raro
623 483 711 570 apud
732 488 845 570 poetas
868 487 1017 552 neutrum
1040 481 1217 566 singularis
1241 482 1432 568 superlativi
1453 481 1601 548 adverbii
1624 483 1694 550 loco
1725 493 1909 570 usurpatur.
1960 485 2038 552 Eur.

182 584 312 652 Heracl.
337 586 414 654 792:
441 586 542 663 ζῶσιν
561 584 714 670 μέγιστόν
735 583 762 667 γ’
782 583 915 662 scindaris
935 581 1022 649 κατά
1044 583 1197 668 στρατόν.

285 685 551 775 εὐφραίνουσι
572 685 767 774 μάλιστα]
820 687 885 753 Sed
907 707 1005 773 saepe
1027 687 1062 753 in
1084 687 1144 753 toli
1167 689 1373 754 matrimonio
1397 687 1479 754 solet
1501 689 1642 770 evenire,
1666 689 1751 774 quod
1774 688 1938 757 luvenalis
1970 691 2037 758 Sat.

185 789 239 869 VI,
262 790 327 856 460
349 792 411 858 ait:
436 790 676 858 Intolerabilins
699 790 782 856 nihil
804 797 862 872 est,
885 810 982 876 quam
1005 791 1129 857 femina
1150 791 1252 858 dives.
1298 790 1347 857 Gt.
1371 789 1505 856 Memor.
1530 790 1553 872 l,
1582 795 1609 868 1,
1633 792 1664 856 8.
1688 791 1839 860 Zennius.

287 890 407 960 ούδέν
428 897 482 976 τι]
506 894 611 962 nihil
634 893 865 980 quidquam,
888 894 1068 960 fortissima
1090 895 1229 977 negatio.
1274 892 1408 960 Memor.
1432 893 1457 976 1,
1480 895 1511 976 2,
1534 893 1592 958 42:
1616 891 1688 958 αλλ’
1711 891 1807 960 ιύδέν
1833 920 1864 959 τι
1892 894 2038 978 χαλεποῦ

181 993 375 1079 πράγματος
394 999 576 1082 ἐπιθυμεῖς,
599 995 625 1062 oi
646 994 845 1082 Ἀλκιβιάδη,
868 994 975 1082 φάναι
999 994 1058 1062 τδν
1077 997 1246 1082 Ηιρικλέα,
1267 993 1463 1080 βουλόμενος
1484 994 1616 1077 γνῶναι,
1639 1003 1671 1061 τί
1696 997 1763 1061 ἐστι
1796 994 1904 1081 νόμος.
1955 996 2038 1064 Vide

178 1097 293 1164 adnot.-
315 1099 358 1164 ad
381 1101 401 1180 θ
422 1101 479 1182 21:
504 1097 597 1186 ἥδιόν
616 1123 658 1164 τι.

286 1198 358 1267 ἐάν
379 1203 420 1267 δέ
442 1227 479 1266 τι
501 1203 729 1283 ἐλλείπωσι]
781 1201 888 1270 Verba
911 1201 1061 1288 opposita
1083 1205 1160 1267 sunt
1181 1201 1388 1268 antecedenti
1409 1201 1588 1284 παροῦσαι.
1635 1201 1752 1268 Vertas
1776 1203 1826 1285 „si
1849 1222 1915 1268 non
1942 1222 2037 1287 prae·

182 1304 279 1369 stitae
302 1305 454 1372 fuerint.“

285 1407 305 1483 b
328 1405 381 1474 29.
405 1410 446 1474 ἐν
469 1409 512 1476 δὲ
532 1421 617 1484 τοις
639 1409 904 1490 τεκνοποιοτς]
929 1409 969 1473 in
990 1406 1280 1490 congressibus
1302 1407 1507 1487 venereis,
1529 1405 1672 1492 quibus
1689 1405 2037 1494 liberiproorean·

180 1514 245 1574 tur
268 1509 288 1574 i.
312 1531 339 1577 e.
363 1531 448 1577 cum
472 1509 731 1593 mulieribus,
754 1518 1012 1597 opponuntur
1033 1507 1208 1577 παιδικά
1230 1507 1465 1595 α’φροδίσια.
1511 1508 1615 1576 Sturz.
1640 1509 1700 1576 Pro
1722 1508 1912 1586 τεκνοποιύς
1928 1511 2037 1597 aptius

181 1610 309 1678 ridetur
328 1611 605 1700 τανοποιρτικύςς
626 1632 703 1680 nam
724 1610 913 1690 τεκνοποιύς
933 1613 1096 1698 significat
1116 1619 1172 1678 aut
1192 1612 1281 1679 idem
1304 1611 1390 1698 quod
1411 1614 1555 1698 pariens,
1578 1621 1614 1679 ut
1635 1611 1754 1681 Herod.
1776 1613 1801 1696 1,
1817 1615 1860 1680 59
1878 1621 1911 1680 et
1930 1614 1969 1697 V,
1983 1616 2038 1698 40,

180 1719 237 1778 aut
258 1712 345 1778 idem
368 1715 454 1800 quod
477 1735 670 1802 procreans,
699 1723 736 1782 nt
756 1715 834 1783 Eur.
857 1716 973 1784 Troad.
990 1717 1069 1798 sua,
1096 1712 1355 1801 τεκνοποιητικύς
1373 1735 1449 1781 vero
1465 1734 1513 1799 ea,
1530 1735 1612 1801 quae
1628 1716 1669 1782 ad
1686 1715 1805 1783 liberos
1820 1717 2038 1803 procreandos

180 1815 354 1902 pertinent.
398 1817 447 1886 Gi.
470 1820 606 1886 Aristot.
630 1819 724 1886 Polit.
748 1820 772 1902 1,
795 1821 825 1887 3.
856 1819 984 1886 Sitaler.
1031 1822 1306 1887 Τεκνοπαιεισθαι
1329 1815 1463 1884 verbum
1484 1817 1605 1900 lcgitnr
1625 1817 1722 1904 Resp.
1745 1817 1862 1886 Laced.
1886 1819 1910 1902 l,
1934 1820 1964 1887 l.

282 1918 386 1985 πολύ
406 1920 696 2006 διαφερόντως]
722 1924 995 2009 exquisitissims;
1018 1942 1092 1989 cum
1115 1921 1264 2005 genetivo
1288 1921 1495 1988 coniunctum
1511 1918 1581 2003 Vll,
1596 1923 1632 1985 4:
1653 1921 1800 2003 τιμᾶσθε
1817 1919 2040 2008 διαφερόντως

179 2025 245 2089 τῶν
267 2024 378 2088 ἄλλων
400 2021 600 2108 άνθράπιυν.
645 2023 726 2090 Plat.
750 2025 829 2092 Crit.
850 2027 894 2092 52
920 2025 962 2091 B:
994 2022 1035 2090 ού
1062 2022 1124 2108 γάρ
1153 2022 1197 2089 άν
1221 2047 1303 2090 ποτε
1327 2023 1393 2090 τῶν
1420 2022 1531 2090 ἄλλων
1557 2021 1747 2109 Ἀθηναίων
1777 2023 1938 2092 ἁπάντων
1965 2025 2039 2090 δια·

180 2126 344 2210 ιγερύντας
365 2129 401 2192 ἐν
423 2125 507 2218 adep}
529 2125 583 2219 (τῂ
605 2125 714 2208 πόλει)
729 2126 908 2213 ἐπεδήμεις.

284 2224 425 2315 δήπου]
451 2228 533 2294 Vide
555 2228 664 2295 adnot.
688 2229 730 2296 nd
753 2231 774 2309 fi
797 2231 849 2295 27.

284 2333 304 2410 ξ
327 2331 379 2398 30.
401 2329 547 2418 ἐθέλει]
570 2331 621 2399 Ex
643 2331 784 2400 Homero
807 2331 1003 2418 repetendus
1027 2339 1077 2400 est
1100 2352 1179 2399 usus
1201 2330 1291 2397 verbi
1312 2331 1441 2396 ἐθέλειν
1463 2331 1504 2396 de
1527 2329 1622 2398 rebus
1646 2331 1847 2398 inanimatis.
1886 2329 2039 2413 Legimus

181 2435 268 2499 enim
290 2433 335 2500 dl.
352 2432 446 2515 xxl,
469 2435 547 2501 366:
572 2433 642 2500 οὐδ’
662 2435 755 2501 ἔθελε
775 2439 927 2519 προρέειν
949 2433 1065 2519 (ὕδωρ)
1089 2433 1162 2500 ἀλλ’
1183 2437 1298 2516 ἴσχετο.
1358 2432 1492 2499 Memor.
1527 2433 1581 2516 lll,
1619 2435 1669 2516 12,
1702 2436 1735 2500 8:
1773 2432 1812 2498 ού
1841 2432 1902 2517 γάρ
1934 2433 2040 2499 ἐθέλει

180 2535 356 2620 αύτύματα
378 2541 556 2619 γίγνεσθαι.
603 2537 678 2606 Oce.
702 2538 757 2620 lV,
784 2539 836 2602 13:
862 2536 928 2602 ὅσα
950 2535 967 2620 ἡ
991 2539 1029 2623 rip
1050 2535 1145 2621 φύαν
1169 2535 1271 2602 θέλει.
1318 2534 1426 2617 Vigor.
1449 2555 1481 2620 p.
1505 2535 1557 2602 84.
1579 2539 1652 2603 264.
1686 2536 1863 2603 Platonicis
1880 2535 2040 2622 exemplis

181 2637 264 2704 hunc
290 2659 384 2704 usum
409 2638 586 2706 illustravit
608 2641 722 2708 Stallb.
745 2641 787 2708 ad
807 2640 920 2726 Rcmp.
943 2639 983 2722 ll,
1006 2641 1071 2705 370
1089 2639 1127 2705 Β.

283 2740 360 2806 τῶν
381 2741 567 2824 ἑτοίμων]
592 2745 658 2829 qni
682 2745 720 2809 in
746 2749 930 2829 promptu
955 2748 1061 2822 sunt,
1085 2750 1120 2808 ut
1142 2743 1162 2822 ξ
1185 2741 1242 2807 32;
1266 2741 1406 2826 ἑτοίμου.

284 2841 412 2926 ὥσπερ
436 2847 506 2909 σύν
527 2850 560 2909 εί
582 2870 638 2923 τις
661 2845 829 2931 ἄπειρος
851 2844 903 2910 ὧν
925 2843 1073 2929 δίψους
1094 2845 1287 2910 τοῦπιείν
1303 2842 1514 2926 οἷπολαύοι]
1538 2844 1643 2912 Locus
1661 2847 1730 2912 sins
1755 2846 1852 2912 dubio
1870 2851 2040 2931 corruptus

181 2945 236 3009 vix
260 2945 293 3008 in
320 2947 495 3026 genuinam
514 2949 653 3014 formam
677 2951 804 3016 restitui
827 2949 956 3014 videtur
978 2967 1085 3034 posse.
1108 2947 1251 3013 Maxime
1275 2945 1478 3032 probandum
1498 2949 1636 3030 videtur,
1656 2949 1741 3034 quod
1757 2951 1927 3034 proposuit
1946 2948 2039 3015 Brei-

180 3045 382 3126 tonbachins,
405 3050 460 3133 qui
478 3058 535 3115 aut
551 3070 624 3117 cum
643 3051 761 3119 'Geelio
777 3051 845 3138 (ap.
869 3050 1016 3136 Coppell.
1041 3072 1072 3137 p.
1095 3049 1152 3135 38)
1176 3048 1319 3116 scribere
1332 3049 1414 3115 vult:
1438 3049 1547 3135 ὥσπερ
1567 3049 1626 3118 ούν
1644 3050 1749 3128 ούδεις
1771 3101 1778 3118 .
1803 3100 1811 3116 .
1833 3101 1841 3116 .
1866 3049 2040 3134 ἀπολαύει,

181 3153 238 3212 aut
259 3147 292 3212 id
315 3148 402 3232 quod
424 3150 553 3218 nonius
576 3154 611 3219 in
633 3155 799 3238 vulgatam
818 3154 1013 3239 scripturam
1037 3153 1200 3239 corrumpi
1224 3161 1365 3237 poterat:
1389 3151 1497 3239 ὥσπερ
1519 3152 1617 3219 ούδέν
1640 3179 1688 3230 τις
1710 3153 1753 3219 δν
1777 3151 1954 3219 οίπολαύοι.

284 3251 306 3327 ἐ
328 3250 380 3316 81.
403 3249 653 3342 ἐμφύεσθαι]
677 3257 852 3338 innasci,
876 3256 908 3321 id
933 3256 1019 3341 qnod
1039 3254 1136 3341 paulo
1159 3260 1234 3320 ante
1250 3255 1465 3336 ἐγγίγνεσθαι.
1503 3255 1551 3321 cf.
1565 3253 1622 3333 IX,
1639 3258 1674 3322 8:
1698 3266 1752 3322 καί
1766 3255 1831 3342 μὴν
1849 3260 2039 3340 κακουργίαι

180 3374 213 3431 γε
236 3347 335 3437 ἦττον
360 3365 427 3429 τοῖς
448 3359 585 3438 ἐνεργοῖς
607 3356 798 3442 ἐμφύονται.
850 3357 1066 3424 Coniunctum
1096 3364 1147 3424 est
1174 3377 1247 3422 cum
1269 3359 1305 3422 ἐν
1328 3363 1360 3423 ct
1383 3357 1492 3424 dativo
1516 3358 1587 3442 VII,
1610 3360 1646 3424 3:
1673 3357 1689 3443 ἡ
1712 3359 1748 3425 δὲ
1777 3359 1947 3444 φιλοτιμία
1971 3356 2040 3424 οὔτ’

179 3457 216 3518 ἐν
238 3467 303 3530 τοῖς
327 3452 455 3536 άλύγοις
477 3455 571 3543 ζῴοις
592 3457 759 3545 ἐμφύεται,
783 3459 852 3526 οὔτ’
872 3462 908 3527 ἐν
931 3458 1060 3526 άπασιν
1083 3456 1286 3543 ἀνθρώποις.

282 3557 350 3622 τοῦ
373 3559 589 3625 καλλίστου
617 3563 951 3645 ἐπικαλουμένου]
1004 3561 1084 3628 Plau
1109 3560 1206 3647 Reep.
1227 3561 1292 3627 493
1314 3560 1360 3628 D:
1384 3559 1403 3647 ἡ
1426 3561 1604 3648 Διομήδειά
1627 3564 1781 3648 λεγομένη
1804 3560 1937 3649 άνάγκιγ.

284 3661 304 3740 ξ
327 3660 378 3725 32.
401 3659 471 3725 τοῦ
493 3659 656 3747 ἑτοίμου
680 3713 687 3728 .
710 3713 717 3728 .
741 3660 970 3750 δοκοῦντος]
1020 3664 1105 3730 Vide
1133 3663 1242 3730 adnot.
1271 3664 1314 3729 nd
1345 3661 1365 3738 ξ
1387 3665 1418 3730 9.
1444 3665 1494 3731 De
1516 3663 1632 3731 τούτου
1656 3685 1729 3732 cum
1753 3667 1786 3731 vi
1808 3672 1883 3750 pust
1904 3665 2038 3750 partici-

181 3765 271 3848 pium
295 3762 385 3829 illato
412 3763 486 3828 vide
509 3764 619 3830 adnot.
643 3765 685 3832 ad
712 3767 732 3844 ξ
760 3769 810 3832 17.
855 3767 965 3834 Verba
986 3767 1035 3834 sic
1059 3765 1223 3850 iungendo
1241 3773 1333 3832 sunt:
1355 3767 1394 3833 ού
1422 3765 1569 3852 μάλιστα
1597 3769 1752 3853 ἐπιθυμῶ
1780 3769 1838 3833 roi
1866 3765 2041 3844 δοκοῦντος

179 3864 263 3930 είναι
285 3865 417 3948 ἑτοίμου
438 3880 545 3948 τυγειν
563 3866 644 3952 παρ’
655 3867 759 3934 αὐτοῦ
781 3869 803 3936 i.
827 3891 855 3936 s.
878 3869 968 3936 nieht
989 3870 1129 3954 gelustet
1148 3868 1235 3935 mich
1260 3870 1319 3935 das
1341 3891 1404 3936 von
1428 3868 1493 3938 ihm
1522 3891 1563 3937 zu
1596 3871 1769 3954 erlangen,
1804 3891 1887 3956 was,
1914 3873 1975 3938 wie
2005 3891 2040 3937 es

181 3966 316 4048 scheint,
339 3966 504 4051 lreiwillig
535 3970 579 4034 ist
608 3970 689 4052 (τῶν
715 3969 944 4057 ἀφροδισίων),
968 3970 1056 4037 άλλά
1083 3973 1141 4038 τοῦ
1175 3969 1290 4056 ἥκιστα
1323 3970 1475 4059 τυράννῳ
1508 3971 1730 4060 προσήκοντος
1759 3971 2040 4058 κατεργάσασθαι,

181 4070 332 4150 sondern,
356 4091 423 4138 was
444 4092 498 4138 am
521 4075 701 4156 wenigsten
723 4074 798 4141 dem
820 4074 992 4161 Tyrannen
1018 4074 1167 4158 geniemt,
1189 4093 1230 4139 zu
1251 4073 1417 4142 bewirken
1439 4073 1585 4161 (ἔρωτα).

284 4171 466 4262 τυράννῳ
489 4174 764 4261 προσήκοντος
781 4176 1128 4262 κατεργάσασθαι]
1181 4176 1243 4242 Ubi
1274 4177 1452 4244 infinitivus
1482 4177 1615 4244 verbum
1650 4177 1824 4266 προσήκειν
1855 4177 1987 4264 (cadere
2013 4199 2040 4244 ε.

181 4278 354 4343 convenire
377 4277 411 4341 in
433 4276 589 4364 aliquem)
611 4280 766 4364 sequitur,
788 4281 885 4346 modo
909 4281 1055 4348 dativum
1085 4279 1235 4362 additum
1265 4279 1362 4346 hebet
1392 4280 1488 4346 modo
1515 4281 1748 4348 accusativum.
1800 4281 1848 4348 De
1881 4281 2041 4346 infinitivo

181 4379 256 4445 vide
280 4379 420 4462 lilihner,
443 4382 525 4448 ausi.
550 4381 696 4450 Gramm.
723 4383 753 4451 d.
778 4405 825 4468 gr.
848 4383 922 4471 Spr.
941 4384 1053 4468 sule,
1079 4387 1109 4451 l.

284 4481 304 4558 θ
327 4483 380 4548 33.
400 4485 473 4567 ἐρῶ
493 4489 565 4567 μὲν
585 4484 788 4569 Λαιλύχου
810 4483 956 4571 ὦνπερ]
981 4507 1069 4554 amo
1091 4489 1136 4554 in
1157 4487 1353 4556 Dailocho
1374 4507 1435 4572 ea,
1459 4506 1568 4573 quae.

285 4587 304 4664 ξ
327 4587 379 4650 34.
405 4584 641 4674 λαμβάνειν]
667 4589 749 4655 sicil.
771 4594 812 4656 τί.

284 4687 394 4772 παρά
422 4695 493 4774 μὲν
521 4687 593 4774 γάρ
623 4690 834 4778 ...παρά
865 4693 906 4758 δὲ
934 4741 942 4757 .
967 4743 974 4757 .
1003 4695 1117 4774 εἰσιν]
1168 4693 1264 4760 Nam
1291 4692 1475 4760 hostibus
1513 4693 1659 4758 invitis
1699 4691 1858 4777 aliquid
1885 4693 2042 4777 eripere

179 4791 524 4868 jucundissimum
548 4793 732 4879 equidem
754 4816 842 4862 esse
865 4795 1057 4863 arbitror:
1082 4803 1122 4862 at
1143 4795 1495 4879 gratificationes,
1519 4815 1616 4881 quae
1641 4795 1686 4862 ab
1711 4793 1915 4861 amoribus
1935 4794 2042 4860 ultro

179 4896 442 4978 contingunt,
467 4897 735 4964 suavissimae
752 4906 853 4968 sunt.
898 4897 996 4966 Recte
1017 4899 1187 4966 admonuit
1210 4897 1420 4967 Frotachorns
1443 4897 1529 4966 hanc
1550 4898 1656 4966 locum
1691 4898 1730 4965 ob
1758 4897 1868 4966 oculos
1891 4895 2043 4964 habuisse

1860 5005 1882 5066 4
