4634 5788
325 1067 592 1181 scierunt
627 1065 993 1180 cuuutttttt
1031 1063 1103 1176 ΑΒ
1141 1061 1407 1178 tutulum
1444 1052 1872 1177 xtuuruturfuu

972 1258 974 1266 ’
1018 1271 1178 1327 soarrsrn

783 1435 984 1510 0'1'1'0
1038 1433 1420 1510 soflmlnn.

954 1682 1249 1721 --00<>0‹›—-

281 1966 503 2053 Xenophontis
527 1968 582 2052 qui
605 1965 730 2032 Hiero
753 1965 940 2032 inscribitur
963 1953 1126 2049 dialogum
1150 1967 1184 2031 in
1207 1965 1288 2031 duas
1304 1963 1443 2030 divisum
1463 1983 1534 2030 esse
1550 1971 1658 2050 partes
1674 1965 1744 2028 sine
1761 1981 1877 2046 magno
1893 1966 2020 2045 negotio

178 2071 361 2153 intelligent
383 2073 479 2137 etiarn
503 2073 557 2156 qui
580 2071 725 2137 libellum
747 2070 944 2156 primoribus
968 2070 1135 2152 attigerint
1155 2069 1271 2144 labris3
1298 2067 1402 2134 altera
1424 2067 1511 2134 enirn
1542 2074 1711 2134 enarratur
1735 2073 1812 2152 quot
1839 2073 2021 2152 quantaque
2075 2082 2084 2094 ·

179 2175 383 2240 incommoda
406 2177 490 2241 vitae
507 2175 700 2240 immineant
715 2175 823 2256 regiae
843 2193 942 2259 eaque
961 2174 1168 2239 conteruntur
1184 2193 1256 2238 curn
1273 2173 1452 2239 commodis
1468 2172 1749 2259 voluptatibusque
1764 2172 1849 2238 vitae
1865 2173 2021 2257 privatae,

179 2278 282 2343 altera
304 2277 437 2343 docetur
465 2278 624 2364 quomodo
651 2299 707 2343 rex
732 2277 797 2342 illis
821 2277 982 2363 superatis
1006 2297 1148 2342 amorem
1177 2277 1297 2344 civium
1323 2275 1386 2343 sibi
1416 2295 1603 2362 comparare
1630 2283 1662 2341 et
1686 2277 1766 2342 rideo
1798 2277 1897 2340 vitam
1927 2295 2022 2357 agere

177 2381 281 2464 possit
302 2385 405 2445 tutem
427 2381 672 2466 ineundamque.
720 2379 864 2464 Scriptor
887 2380 973 2445 enim
995 2379 1049 2445 ubi
1071 2379 1211 2446 breviter
1234 2386 1266 2446 et
1288 2379 1481 2464 simpliciter
1503 2379 1656 2464 ¹exposuit
1683 2398 1746 2464 qua
1774 2381 1942 2444 occasione
1966 2377 2021 2443 ob-

179 2483 244 2548 lata
265 2482 344 2548 baec
367 2483 542 2568 disputatio
566 2483 714 2549 instituta
739 2483 837 2547 luent
863 2480 1063 2548 Simonidem
1090 2484 1169 2548 facit
1195 2503 1234 2548 ex
1266 2481 1406 2549 Hierone
1433 2487 1638 2568 quaerentem
1672 2503 1747 2546 num
1777 2482 1854 2567 quid
1882 2483 1926 2547 sit
1955 2481 2021 2546 dis-

178 2586 325 2651 criminis
347 2586 555 2651 interritam
578 2586 751 2666 regiamet
773 2587 858 2651 inter
880 2585 1051 2671 privatam,
1075 2592 1229 2671 qnantum
1256 2587 1392 2653 attineat
1418 2587 1459 2652 ad
1488 2605 1525 2651 ea
1556 2605 1636 2670 quae
1666 2585 1717 2650 vel
1743 2585 1940 2671 voluptatem
1971 2585 2022 2649 vel

177 2688 358 2754 molestiam
371 2687 507 2754 afferant
522 2687 714 2776 bominibus.
761 2687 852 2766 Quod
867 2688 923 2754 ubi
938 2697 1089 2773 negatum
1114 2695 1172 2771 est,
1195 2707 1268 2754 cum
1291 2687 1475 2754 Simonides
1493 2687 1612 2753 dixerit
1627 2685 1737 2753 multis
1755 2687 1898 2772 partibus
1916 2709 2022 2770 regem

178 2793 332 2856 maiorem
354 2811 412 2876 per
434 2811 549 2857 sensns
572 2793 738 2876 percipere
762 2790 960 2876 voluptatem
983 2799 1014 2857 et
1036 2793 1143 2858 minus
1166 2791 1282 2858 babere
1312 2792 1533 2858 molestiarum
1570 2811 1665 2877 qnam
1695 2793 1837 2875 privatos
1866 2791 2023 2875 homines,

177 2894 230 2977 qni
255 2894 384 2978 quidem
406 2894 507 2960 vitam
529 2894 723 2959 mediocrem
748 2899 856 2976 agant,
879 2892 976 2960 Hiero
999 2894 1081 2960 banc
1094 2893 1279 2979 opinionem
1291 2895 1431 2961 refutare
1449 2895 1557 2962 studet
1572 2901 1666 2980 atque
1689 2894 1811 2959 diluere
1835 2892 1874 2976 (l,
1893 2892 2022 2979 1-10).

177 2999 224 3060 Ac
247 2997 388 3080 primum
412 2997 543 3081 quidem
566 2997 600 3062 in
623 2998 674 3077 iis,
698 3017 779 3082 quae
802 2997 904 3062 oculis
928 3003 1110 3078 cernantur,
1134 2996 1326 3063 deteriorem
1349 3017 1420 3063 esse
1444 3017 1555 3080 regum
1574 2995 1798 3062 condicionem
1822 2997 1929 3061 docet:
1953 3017 2023 3061 esse

178 3099 263 3163 enirn
286 3099 361 3164 aliis
383 3099 418 3164 io
437 3099 623 3182 regionibus
646 3101 712 3165 alie
735 3099 928 3185 spectacula,
952 3101 993 3166 ad
1023 3119 1104 3186 quae
1133 3101 1252 3186 privati
1278 3099 1425 3166 homines
1452 3100 1605 3166 accedere
1630 3100 1773 3184 possint,
1801 3121 1866 3164 non
1896 3100 2024 3184 possint

176 3222 278 3284 reges
303 3203 431 3288 quippe¹
445 3223 518 3268 oum
543 3204 752 3269 metuendum
774 3204 826 3286 sir,
847 3224 899 3286 ne,
919 3203 995 3269 dum
1019 3203 1135 3285 absint,
1159 3203 1256 3268 simul
1279 3210 1311 3270 et
1332 3203 1469 3288 imperio
1493 3202 1673 3288 spolientur
1696 3209 1727 3270 et
1749 3202 1927 3268 ulciscendi
1956 3223 2020 3286 eos,

177 3325 196 3370 a
224 3305 339 3391 quibus
366 3305 447 3371 laesi
478 3307 562 3388 sint,
602 3308 753 3372 amittant
786 3307 974 3373 facultatem
1005 3306 1172 3392 (ll—13).
1220 3306 1330 3392 Neque
1365 3306 1439 3394 plns
1474 3307 1648 3392 voluptatis
1676 3325 1768 3389 reges
1798 3306 1963 3392 percipere
1985 3327 2024 3371 ex

175 3411 300 3475 aurium
324 3409 416 3474 suavi
439 3429 551 3475 sensu:
572 3429 645 3476 oum
663 3411 749 3476 enim
773 3417 905 3476 careant
926 3410 1076 3477 laudibus
1098 3411 1354 3489 iucundissimis,
1378 3429 1459 3494 quae
1482 3408 1522 3475 ab
1544 3409 1727 3475 bominibus
1759 3407 1870 3476 liberis
1895 3409 2023 3495 profici-

175 3519 329 3590 scantur,
354 3511 436 3577 alias
459 3513 571 3578 landes
592 3515 633 3578 iis
655 3533 726 3580 esse
750 3519 917 3599 suspectas
939 3513 1114 3599 (re-15),
1139 3514 1227 3582 cibos
1248 3519 1408 3600 potusque
1425 3514 1572 3598 qrramvis
1590 3513 1766 3599 exquisitos
1788 3531 1901 3599 parum
1916 3513 2023 3577 erravi·

174 3613 251 3678 tatis
275 3612 399 3696 afferre,
423 3633 496 3680 cnm
520 3615 631 3682 creber
652 3635 730 3682 usus
754 3624 785 3683 et
807 3618 901 3703 copia
921 3616 1035 3683 aberat
1055 3617 1222 3684 fastidium
1247 3614 1418 3702 (lo-23),
1437 3615 1635 3702 sumptuosis
1651 3615 1717 3680 illis
1730 3613 1893 3726 odqribns,
1909 3615 2024 3700 quibus

175 3722 367 3798 unguantur,
399 3717 503 3800 magis
532 3717 710 3784 familiares
737 3719 801 3785 frui
828 3739 925 3804 quarn
954 3721 1043 3805 ipsos
1070 3719 1136 3806 (24.
1166 3721 1237 3806 25),
1261 3722 1296 3786 in
1324 3741 1358 3786 re
1388 3719 1547 3786 amatoria
1581 3719 1718 3804 denique
1749 3727 1903 3804 tyrannos
1931 3719 2024 3802 longe

176 3819 345 3886 inferiores
369 3841 441 3887 esse
463 3821 602 3906 privatis
625 3821 809 3888 bominibus
832 3821 999 3910 (cu-38).
1044 3823 1154 3910 Neque
1166 3845 1242 3891 vero
1262 3823 1364 3889 solum
1383 3823 1434 3904 iia,
1454 3843 1534 3909 quae
1547 3821 1587 3889 ab
1606 3822 1754 3890 sensibus
1770 3823 2024 3908 proficiscantur,

177 3921 394 4006 voluptatibus
416 3929 571 4009 tyrannos
595 3927 742 4010 superari
770 3927 948 4012 apricatis
968 3927 1162 4011 bominibus
1185 3947 1295 3994 verum
1320 3927 1420 3992 etiam
1444 3924 1618 3992 maioribus
1641 3925 1747 4007 rebus,
1779 3943 1860 4010 quae
1889 3926 2023 3991 maximi

176 4025 273 4108 pretii
296 4046 366 4092 esse
388 4025 560 4092 videantur
582 4025 638 4112 (ll,
664 4026 778 4113 1-5)‚
801 4029 881 4095 foris
905 4031 991 4096 enim
1015 4037 1047 4096 et
1069 4031 1157 4096 domi
1178 4029 1218 4096 ab
1241 4029 1386 4095 hostibus
1410 4035 1442 4094 et
1463 4027 1710 4094 insidiatoribus
1726 4027 1875 4094 obsessos
1892 4029 2024 4106 omnin0

175 4147 247 4194 esse
270 4130 360 4214 pacis
384 4135 533 4216 expertes
556 4151 660 4216 neque
682 4130 798 4197 babere
822 4131 898 4198 belli
921 4133 1056 4216 gloriam
1078 4140 1134 4199 aut
1154 4153 1235 4218 quae
1257 4133 1479 4218 percipiantur
1502 4153 1542 4198 ex
1565 4131 1648 4198 bello
1665 4131 1845 4214 commoda,
1867 4153 1939 4197 cum
1960 4151 2025 4197 non

174 4231 279 4296 solum
304 4238 416 4298 contra
437 4233 555 4318 hostes,
579 4254 690 4300 verum
726 4235 823 4306 otiam
857 4242 970 4302 contra
1001 4255 1076 4302 suos
1114 4237 1178 4322 ipsi
1210 4237 1298 4302 cives
1330 4234 1452 4302 bellare
1484 4241 1639 4319 cogantur
1669 4233 1816 4320 (ct—18).
1858 4233 1924 4300 lam
1950 4255 2024 4300 vero

176 4353 268 4400 verae
292 4337 455 4402 amicitiae
471 4337 716 4404 commodanon
738 4339 900 4425 pertinere
924 4339 966 4405 ad
988 4347 1157 4426 tyrannos:
1182 4359 1279 4426 saepe
1302 4338 1390 4405 enirn
1413 4340 1556 4424 ipsorum
1581 4341 1665 4404 vitae
1689 4345 1721 4404 et
1739 4337 2024 4420 salntiacognatis

174 4447 206 4502 et
228 4440 267 4502 ab
289 4439 403 4505 amicis
430 4441 485 4525 qui
508 4440 679 4507 videantur
702 4443 784 4508 strui
807 4441 945 4509 insidias
969 4448 1002 4509 et
1020 4449 1055 4508 ut
1076 4441 1300 4528 tyrannicidae
1324 4442 1438 4527 poenis
1466 4439 1648 4506 efficiantur
1677 4447 1803 4508 tantum
1834 4438 1957 4525 abesse,
1991 4445 2026 4504 ut

173 4547 284 4607 contra
307 4544 443 4609 summis
462 4544 617 4630 praemiis
639 4544 729 4628 digni
751 4543 930 4611 habeantur
959 4543 1041 4630 llll).
1086 4545 1196 4631 Neque
1219 4545 1259 4610 ob
1275 4545 1431 4626 fortunae,
1455 4563 1534 4630 ques
1556 4545 1729 4631 ampliores
1753 4544 1869 4610 babere
1891 4544 2024 4610 videan-

172 4649 224 4709 tur
247 4663 344 4729 qnam
367 4648 485 4730 privati
509 4647 666 4730 homines,
695 4654 904 4733 tyrannorum
933 4651 1156 4716 condicionem
1180 4667 1251 4714 esse
1279 4647 1466 4730 meliorem;
1498 4667 1573 4714 nam
1602 4649 1634 4714 ui
1666 4655 1698 4713 et
1723 4648 1842 4713 iniuria
1873 4667 1928 4713 eas
1964 4645 2024 4712 sibi

172 4765 288 4832 parare
312 4749 382 4831 cogi
405 4756 436 4814 et
458 4771 531 4816 cum
554 4771 651 4836 saepe
674 4752 730 4816 vix
752 4757 860 4818 tantas
884 4753 1050 4838 acquirere
1073 4753 1200 4838 possint
1216 4757 1354 4838 quantae
1368 4752 1574 4836 requirentur
1589 4752 1630 4817 ad
1648 4757 1795 4836 sumptus
1812 4752 2025 4828 necessarios

174 4871 271 4936 saepe
297 4853 375 4918 fana
406 4851 540 4938 spoliari
563 4861 595 4920 et
617 4854 801 4922 bominibus
824 4875 883 4941 per
903 4855 968 4922 vim
989 4857 1161 4942 pecuniam
1185 4855 1368 4940 extorqueri
1389 4861 1536 4940 oportere
1559 4852 1642 4938 (IV).
1676 4851 1783 4930 Quid?
1799 4853 1883 4937 quod
1896 4851 2026 4937 tyranni

170 4973 305 5020 necesse
329 4955 468 5022 babeant
490 4955 590 5022 bonos
614 4958 701 5022 cives
733 4964 874 5024 metuere
898 4964 929 5024 et
952 4959 1076 5042 tollere,
1099 4961 1202 5025 malos
1224 4961 1333 5024 fouere
1357 4957 1558 5024 eteuebere?
1581 4957 1665 5042 quod
1686 4962 1851 5038 cogantur,
1878 4957 2025 5040 quemuis

1852 5061 1867 5123 l
