4634 5788
1008 359 1210 458 Α...

168 567 376 654 voluptates.
420 567 628 653 cyr.1v,1‚
654 569 713 634 19:
759 565 845 631 άλλά
868 561 908 630 σύ
930 587 963 646 γε
983 564 1108 649 μηδένα
1132 561 1328 658 α’ναγιιάσης.
1369 565 1504 634 Memor.
1531 567 1553 646 I,
1576 569 1606 648 2,
1624 569 1678 632 27:
1703 566 1775 632 άλλ’
1789 575 1820 634 ολ
1836 589 1869 648 γε
1887 571 2034 650 πατέρες,

167 677 217 738 at
242 677 435 758 parentes
458 679 583 755 certe,
606 672 661 739 obi
683 671 823 738 Krihner.

285 789 353 858 ούιι
375 788 447 858 οἶδ’
464 795 517 872 ελ]
563 791 612 858 Ita
635 792 669 857 in
685 789 781 857 dubio
798 791 900 877 ponit,
924 789 1010 876 quod
1028 808 1086 874 pro
1110 795 1196 854 certo
1226 787 1388 856 affirmare
1411 795 1554 874 poterat:
1578 809 1642 875 qua
1657 789 1782 856 ratione
1798 787 1915 856 Graeci
1935 804 2033 872 saepe

166 915 238 981 pro
260 893 444 961 urbanitate
464 914 524 961 sua
550 893 734 980 loquuntur.
784 893 892 960 Latini
926 893 1039 960 dicunt
1064 891 1165 956 haud
1195 892 1278 958 scio
1305 911 1352 956 an
1382 911 1471 956 non:
1503 913 1600 978 quam
1629 892 1782 978 loquendi
1813 891 2034 957 diversitatem

167 996 319 1064 amendit
340 995 547 1063 Heindorfius
570 996 614 1062 ad
635 996 715 1065 Plat.
741 996 839 1082 Gorg.
860 997 925 1063 458
952 993 992 1062 D.
1019 993 1127 1079 ibique
1157 991 1270 1060 Staltb.
1319 993 1452 1060 Memor.
1486 993 1509 1072 I,
1537 995 1567 1076 3,
1591 997 1628 1062 5:
1658 993 1735 1060 ὥστ’
1760 993 1819 1060 oda
1833 990 1907 1062 ,οἷδ’
1932 998 2035 1068 εἴτις

169 1098 282 1175 οὕτως
304 1096 349 1165 άν
371 1097 463 1180 ὀλίγα
485 1096 653 1183 ἐργάζοιτο
674 1126 696 1151 =
716 1103 759 1164 ut
786 1097 888 1164 haud
918 1099 1043 1164 sciam
1072 1117 1121 1164 an
1145 1117 1255 1163 nemo
1284 1102 1363 1163 tam
1386 1116 1513 1183 pauca
1536 1099 1614 1164 sibi
1636 1105 1766 1185 peret,
1790 1097 1897 1184 ibique
1913 1097 2034 1182 Saupp.

284 1235 303 1311 ξ
326 1235 357 1302 8.
380 1232 474 1322 ἀλλ’]
493 1235 704 1302 referendum
728 1241 779 1300 est
800 1235 843 1302 ad
865 1236 1082 1320 negationem,
1106 1255 1187 1320 quae
1211 1234 1246 1300 in
1268 1233 1473 1301 antecedenti
1496 1236 1718 1302 enuntiatione
1741 1241 1806 1312 eet;
1828 1234 1924 1300 facilc
1948 1235 2035 1299 enim

171 1341 330 1427 opposita
353 1340 532 1406 enuntiatio
552 1359 593 1405 cx
615 1337 879 1406 antecedentibus
901 1337 975 1406 elici
998 1342 1122 1420 potest:
1147 1335 1237 1402 nulla
1258 1357 1293 1403 re
1316 1339 1384 1403 vita
1405 1344 1616 1422 tyrannorum
1640 1337 1748 1404 differt
1766 1359 1786 1405 a
1809 1337 1876 1402 vita
1891 1336 2032 1422 privato·

171 1464 252 1510 rum
272 1443 450 1510 hominum.
495 1444 539 1507 At
562 1463 637 1508 vero
662 1443 695 1507 in
718 1441 768 1508 his
789 1439 870 1525 Ipsis
893 1439 1001 1523 regiae
1024 1440 1111 1505 vitae
1134 1438 1310 1506 discrimen
1334 1446 1403 1507 est:

284 1579 482 1664 διαφέρετ’
505 1574 1159 1663 πολλαπλάσια-εὐφραίνεται]
1205 1575 1317 1643 Solent
1332 1597 1389 1644 eae
1412 1577 1603 1658 sentcntiae,
1632 1597 1714 1663 quae
1734 1578 1809 1644 aliis
1833 1576 2035 1643 subiciuntur

172 1681 408 1768 explicationis
432 1701 541 1762 causa,
564 1681 611 1746 ito
630 1678 717 1758 addi,
741 1685 778 1745 ut
803 1679 1037 1765 particularum
1067 1686 1099 1747 et
1125 1681 1388 1747 coniunctionum
1413 1679 1544 1746 vincula
1575 1681 1785 1763 omittantur,·
1815 1679 1902 1765 qnod
1933 1698 2034 1762 geum

172 1783 332 1871 loquendi
358 1783 424 1849 dici
445 1804 512 1850 non
535 1788 642 1869 potest
668 1801 764 1868 quem
787 1781 852 1849 late
873 1788 994 1870 pateat.
1037 1781 1143 1850 Anab.
1166 1782 1222 1864 III,
1244 1783 1275 1860 2,
1309 1783 1366 1848 19:
1399 1781 1485 1849 πολύ
1512 1781 1642 1868 μάλλον
1669 1783 1746 1850 ότου
1771 1781 1816 1848 ἄν
1837 1780 2035 1866 βουλώμεθα

171 1885 371 1972 τευξόμεθα.
416 1885 464 1952 ἐνί
485 1884 576 1974 μόνῳ
598 1890 795 1969 προέχουσιν
815 1883 847 1952 ολ
868 1884 979 1962 ίππετς
1000 1882 1095 1969 ἡμεῖς.
1141 1885 1180 1968 V,
1204 1887 1234 1969 8,
1255 1887 1291 1951 8:
1316 1883 1386 1952 οἷον
1413 1885 1449 1952 δὲ
1476 1884 1516 1952 τό
1537 1888 1676 1971 πρᾶγμα
1701 1888 1836 1968 ἐγένετο,
1864 1881 2035 1950 άιιούσατε.

176 1999 236 2054 nori
258 1989 321 2075 γάρ
344 1987 450 2062 ἄξιον.
474 1985 557 2074 άνήρ
578 1989 722 2054 ἐλείπετο
746 1984 805 2052 διά
826 1985 864 2053 τό
885 1992 995 2073 μηκέτι
1018 1985 1188 2054 δύνασθαι
1212 1986 1424 2073 πορεύεσθαι.
1454 1981 1543 2076 Cyn
1571 1987 1627 2070 III,
1654 1990 1684 2070 3,
1712 1991 1767 2055 26:
1796 1986 1875 2073 ὅπερ
1894 1995 1948 2051 καί
1974 1985 2036 2050 νύν

174 2095 225 2158 ἔτι
246 2090 401 2160 ποιούσιν
423 2089 454 2157 οί
473 2088 633 2176 βάρβαροι
656 2090 808 2174 βασιλεῖς·
830 2090 915 2156 ὅπου
942 2089 987 2154 cir
1008 2089 1342 2174 στρατοπεδεύωνται,
1371 2088 1501 2176 τάφρον
1527 2089 1781 2176 περιβάλλονται
1807 2087 1947 2166 εύπυτιός
1977 2085 2034 2152 διά

176 2193 239 2282 τόν
258 2197 480 2280 πολυχειρίαν.
528 2191 833 2274 esurieritis:
858 2189 907 2258 άελ
929 2190 1067 2256 τοιαῦτα
1091 2196 1203 2269 ποιεῖς·
1231 2197 1303 2258 τοτὲ
1330 2198 1392 2276 μὲν
1419 2191 1457 2258 τό
1480 2191 1654 2278 δαιμόνιον
1680 2190 1966 2280 προφασιζόμενος
1997 2188 2037 2256 ού

178 2298 320 2380 διαλέγει
334 2321 401 2382 μοι,
423 2301 496 2362 τοτὲ
518 2294 652 2361 δ’άλλου
673 2319 731 2361 του
753 2297 931 2380 ἐφιέμενος.
975 2292 1087 2379 Neque
1109 2292 1218 2360 Latini
1241 2295 1416 2381 scriptores
1439 2296 1480 2363 ab
1500 2296 1561 2362 hac
1582 2296 1707 2362 ratione
1738 2294 1921 2363 abhorrent.
1966 2292 2033 2360 Cic.

178 2399 220 2466 dc
234 2420 297 2466 am.
315 2399 355 2482 V,
369 2401 484 2466 182ne
501 2399 539 2464 id
560 2397 718 2483 quidem
740 2398 909 2466 facient:
933 2396 1137 2480 negabunt
1159 2397 1198 2462 id
1222 2399 1302 2464 nisi
1326 2399 1503 2484 sapienti
1526 2418 1643 2484 posse
1665 2395 2033 2464 concedi-nodia-

179 2501 309 2569 πλάσια
337 2501 548 2588 εὐφραίνεται
578 2503 599 2566 Ι.
624 2523 651 2568 e.
679 2502 934 2578 πολλαπλασίας
961 2498 1164 2587 εὐφροσύνας
1190 2498 1411 2586 εὐφραίνεται.
1450 2499 1523 2586 Gyr.
1553 2499 1639 2582 VIII,
1663 2503 1693 2582 3,
1716 2502 1774 2567 41:
1795 2495 2033 2565 πολλαπλάσιοι

183 2604 361 2692 εύφραίνει.
395 2605 468 2690 Gyr.
492 2602 532 2686 II,
558 2608 587 2686 l,
610 2605 670 2671 26:
693 2602 820 2690 μεγάλα
840 2603 1061 2690 ω’φελελσθαι.
1085 2602 1174 2668 Infra
1196 2601 1235 2685 II,
1258 2605 1296 2669 2:
1318 2600 1443 2686 μεγάλα
1457 2603 1623 2670 δπινοεττε.

282 2729 376 2808 μείω
398 2720 522 2810 πολύ]
567 2723 677 2790 Etiam
705 2723 792 2810 apud
822 2723 955 2790 Latmos
986 2724 1114 2792 multo
1142 2723 1331 2790 adverbium
1361 2729 1393 2788 et
1421 2743 1502 2808 quae
1531 2733 1608 2792 sunt
1634 2723 1729 2790 buius
1758 2724 1885 2807 generis
1905 2703 2035 2788 'similia

183 2829 308 2894 variam
342 2828 377 2892 in
410 2827 511 2892 variis
546 2825 626 2893 locis
665 2827 778 2894 sedem
813 2827 957 2893 obtinere
992 2827 1086 2893 docet
1113 2826 1334 2894 Frotscherus.
1379 2825 1443 2909 Sic,
1470 2827 1526 2907 ait,
1554 2826 1621 2895 Cic.
1649 2825 2032 2908 deerat.11,42,178:

180 2931 298 3016 plura
319 2931 407 2996 enim
434 2927 556 2996 multo
583 2929 730 2996 homines
759 2931 906 2997 iudicent
932 2929 1017 3012 odio,
1045 2949 1141 3016 quam
1164 2929 1310 2995 veritate.
1364 2928 1418 3010 46,
1457 2929 1536 2994 192:
1572 2928 1631 2994 sed
1665 2927 1731 2994 alia
1764 2935 1840 2993 sunt
1872 2927 2035 2994 maiora

181 3032 316 3098 multo.
374 3031 654 3110 Quemadmodum
676 3039 785 3100 autem
807 3033 875 3102 Cic.
898 3033 938 3100 de
967 3054 1035 3100 sen.
1063 3034 1147 3115 2‚6
1187 3039 1279 3098 ante
1302 3031 1446 3113 multo,
1477 3031 1524 3096 sic
1544 3029 1638 3097 Caes.
1659 3030 1699 3097 de
1723 3028 1806 3096 bello
1830 3029 1890 3095 civ.
1919 3027 1950 3108 I,
1981 3027 2033 3108 20,
2166 3053 2169 3066 ·

181 3132 221 3198 dc
243 3131 327 3199 bello
349 3132 427 3216 gall.
450 3133 529 3224 VII,
544 3134 596 3217 60,
621 3133 699 3201 Sall.
723 3135 793 3202 Cat.
819 3137 858 3204 18
885 3141 975 3222 post
995 3135 1115 3222 paulo
1138 3139 1418 3222 transposuerunt.

283 3252 360 3319 τῶν
378 3258 544 3338 μετρίως
564 3253 802 3337 διαγόντων]
827 3255 848 3321 i.
872 3275 899 3324 e.
921 3259 1055 3339 μέτριον
1082 3259 1155 3338 βίον
1184 3253 1353 3339 βιούντων.
1403 3253 1476 3320 Non
1503 3253 1590 3319 idem
1616 3258 1667 3318 cst
1698 3252 1784 3337 quod
1807 3249 1934 3328 infra§
1972 3248 2033 3317 19:

178 3357 311 3437 μετρίως
334 3355 567 3440 διαιτωμένων.
593 3355 695 3424 ·Nam
711 3356 854 3424 hocloco
874 3374 981 3422 sermo
1005 3361 1055 3422 est
1081 3355 1120 3422 de
1148 3355 1347 3442 bominibus,
1374 3358 1430 3444 qui
1458 3357 1492 3422 in
1520 3357 1677 3422 mediocri
1707 3355 1839 3420 fortuna
1866 3351 2034 3420 constituti
2115 3437 2119 3449 ἱ

181 3462 267 3539 sunt,
290 3456 347 3524 illo
371 3458 411 3525 de
434 3458 486 3542 iis,
509 3459 565 3546 qui
587 3459 714 3526 modice
737 3461 896 3543 victitant,
919 3460 1018 3540 tenui,
1043 3459 1201 3526 mediocri
1224 3459 1295 3526 cibo
1319 3465 1462 3527 utuntur,

282 3578 302 3654 β
326 3576 356 3642 9.
378 3577 447 3654 πῶς
470 3576 514 3644 άν
535 3579 653 3644 πολλοὶ
674 3584 735 3664 μέν
756 3577 947 3664 ἐπεθύμουν
965 3575 1151 3665 τυραννεῖν]
1176 3579 1374 3665 quomodo
1397 3580 1585 3658 siccabat
1606 3583 1687 3643 tam
1704 3575 1819 3642 multi
1842 3582 2035 3661 cuperent

179 3679 377 3760 regnare?
423 3680 520 3747 Haud
552 3701 625 3749 raro
663 3702 702 3748 ea
734 3683 969 3766 significatione
1004 3687 1202 3768 usurpantur
1233 3683 1303 3759 πῶς
1333 3688 1364 3748 ct
1391 3679 1487 3759 ὅπως.
1531 3680 1665 3747 Memor.
1688 3678 1713 3759 Ι,
1737 3681 1766 3760 1,
1789 3678 1845 3745 2οε
1867 3675 2033 3763 θαυμάζω

181 3775 251 3864 ούν,
274 3779 381 3866 ὅπως
396 3789 477 3850 ποτέ
496 3786 702 3870 ἐπείσθησαν
722 3781 896 3870 Ἀθηναῖοι
918 3781 1096 3870 Σωκράτην
1116 3793 1191 3869 περὶ
1211 3781 1310 3862 θεούς
1331 3782 1375 3871 μη“
1400 3796 1589 3870 σωφρονεῖν.
1633 3781 1690 3863 ΙΙΙ,
1713 3783 1743 3864 5,
1769 3782 1823 3846 13;
1848 3785 1916 3846 Καὶ
1944 3784 2032 3845 θαυ-

175 3881 270 3968 μάζω
292 3908 336 3970 γε,
354 3887 426 3972 ἔφη,
453 3882 480 3952 ά
504 3884 682 3972 Σιόιιρατες,
701 3886 720 3972 ἡ
741 3885 837 3988 πόλις
858 3885 964 3964 ὅπως
985 3885 1061 3953 ποτ’
1079 3887 1133 3954 ἐπὶ
1152 3885 1190 3952 τό
1211 3900 1318 3970 χελρον
1339 3887 1470 3953 ἔκλινεν.

281 4014 347 4070 τοι
369 4003 515 4094 ταῦτα]
543 4014 581 4074 et
610 4007 785 4094 quidem;
817 4009 851 4074 in
871 4008 990 4074 talibus
1011 4015 1077 4075 καί
1099 4009 1195 4076 habet
1216 4010 1283 4074 vim
1305 4006 1470 4094 quandam
1490 4005 1630 4088 augendi
1649 4010 1681 4071 et
1703 4003 1897 4086 corrigendi.

281 4122 359 4190 τῶν
381 4125 610 4192 δοκούντων
638 4125 898 4195 ἱκανωτάτων
934 4127 1092 4215 άνδράν
1122 4124 1244 4215 εἶναι]
1280 4128 1429 4194 attractio
1459 4117 1642 4212 praedicati
1668 4124 1828 4191 infinitivo
1859 4123 2030 4191 subiuncti.

179 4224 267 4293 Infra
296 4227 316 4308 ἓ
344 4227 396 4294 32.
425 4227 469 4311 ΙΙ,
503 4231 531 4296 1.
572 4229 627 4312 ΙΙΙ,
657 4234 688 4299 8.
728 4229 810 4298 Plat.
839 4233 924 4320 apol.
951 4231 992 4299 21
1023 4231 1066 4299 B:
1100 4229 1210 4320 ἦλθον
1240 4233 1296 4298 ἐπί
1312 4253 1389 4296 τινα
1411 4230 1477 4296 τῶν
1499 4227 1684 4296 δοκούντων
1717 4227 1832 4314 συφεόν
1862 4223 1956 4292 εἶναι.
1992 4260 2034 4274 —

178 4327 423 4396 ἱκανώτατοι
445 4351 511 4397 non
533 4339 609 4399 sunt
631 4333 773 4420 oppositi
795 4347 863 4411 τοις
882 4342 1017 4420 μετρίως
1036 4332 1184 4416 διάγουσι
1207 4333 1354 4400 homines
1385 4333 1503 4400 divites
1536 4352 1574 4399 ac
1606 4336 1754 4418 potentes
1786 4367 1827 4378 -
1862 4329 1911 4394 illi
1945 4329 2056 4417 eninr¹

178 4431 364 4498 dicerentur
386 4439 421 4500 ut
440 4433 481 4500 de
502 4453 537 4500 re
560 4455 610 4521 cq.
634 4435 674 4518 ΙΙ,
698 4438 732 4503 1;
760 4433 791 4502 oi
805 4449 873 4514 τοις
886 4435 1050 4524 χρήμασιν
1064 4435 1260 4504 ίιανάτατοι
1276 4473 1317 4484 -
1333 4437 1391 4504 sed
1413 4434 1641 4518 intelliguntur
1669 4433 1816 4500 homines
1843 4431 1898 4516 qui
1924 4450 2033 4497 rerum

178 4533 322 4600 maxime
343 4537 441 4622 periti
464 4543 550 4604 sunt

281 4655 363 4732 πῶς
384 4656 427 4722 δὲ
447 4651 620 4744 πάντες]
664 4657 941 4726 Antecedentibus
962 4658 1094 4726 vocibus
1116 4661 1186 4736 πῶς
1199 4657 1255 4724 άν
1275 4659 1391 4724 πολλοὶ
1413 4663 1474 4742 μέν
1497 4657 1735 4742 exspectaveris
1758 4653 1880 4732 πάντες
1907 4655 2035 4732 δέπῶς

179 4756 223 4823 dv
240 4754 392 4842 ἐζήλουνγ
428 4759 494 4827 Sed
515 4761 598 4828 niori
620 4762 821 4847 frequentius
843 4761 908 4826 ista
929 4760 1161 4846 particularum
1184 4766 1245 4844 μέν
1271 4767 1303 4828 ct
1318 4761 1354 4826 δὲ
1366 4760 1576 4827 collocatione
1593 4761 1701 4826 minus
1717 4760 1886 4826 concinna.
1930 4757 2033 4845 Saepe

179 4879 249 4925 cum
275 4861 333 4928 illa
355 4863 588 4947 particularum
612 4864 796 4930 inversione
820 4865 992 4931 coniuncta
1015 4875 1064 4930 est
1086 4863 1254 4930 collocatio
1278 4862 1448 4928 verborum
1481 4863 1536 4948 qui
1559 4861 1722 4928 cbiasmus
1743 4869 1884 4930 vocatur.
1928 4861 2035 4929 Anab.

178 4961 230 5044 III,
253 4964 285 5044 4,
310 4964 346 5030 2:
369 4965 486 5031 ἔπαθε·
499 4971 560 5050 μέν
580 4965 687 5049 οόδέν,
709 4964 820 5032 πολλοὶ
843 4969 877 5032 δὲ
900 4965 986 5032 ιιαιιοί
1006 4964 1131 5049 ἐνόμιζε
1153 4967 1302 5051 ποιῆσαι.
