4634 5788
1126 415 1145 428 ΙΝ
1158 417 1181 426 *t*
1195 415 1217 424 ΗΥ
1233 413 1260 426 V·
1272 411 1321 425 ἱΙΜυ

297 535 482 618 ..domna
504 533 647 613 reuolue
667 530 890 612 ἐρωτικώτατα
910 533 981 614 ἔχει.
1028 531 1110 596 Vide
1134 533 1242 598 adnot.
1267 533 1318 598 nd.
1340 533 1360 606 ξ
1386 536 1433 596 lli.
1485 532 1532 598 De.
1563 534 1751 616 pronomine
1784 531 2036 596 demonstrativo
2068 537 2142 616 post

299 637 505 722 participium
529 635 617 700 illato
642 635 715 700 uide
739 635 847 712 adnot2
870 635 910 702 ad
935 637 953 710 h
977 635 1026 698 1ῖ.
2242 695 2246 704 ,

399 737 564 820 ἑκάστῳ]
591 740 655 802 vim
670 736 763 802 lrahet
787 737 885 802 lianc:
909 755 973 800 τινι·
994 735 1155 815 ἑκάστοτε,
1179 738 1279 802 etita
1302 737 1442 820 quidem,
1466 745 1500 801 nt
1522 735 1673 802 ἑκάστοτε
1696 736 1818 802 referas
1842 735 1937 802 simul
1962 735 2003 802 ad
2026 735 2143 802 τοῦτον
2253 752 2257 760 ’

300 890 371 908 ...
397 891 402 903 .
428 839 650 922 τ’ροιττκώτατα
672 843 763 922 ἔχειν.
808 838 1031 908 Breitenbach.

400 969 433 1006 τι
461 981 472 988 -
500 940 629 1030 idion]
656 943 786 1007 indelin.
813 943 875 1008 rim
901 941 995 1008 habet
1018 941 1217 1012 intendendi.
1245 942 1285 1008 ot'.
1314 939 1410 1006 οὐδέν
1444 965 1472 1003 τι
1508 944 1527 1020 ξ
1557 941 1609 1008 28.
1644 940 1697 1020 lv,
1722 942 1756 1004 7:
1794 940 1920 1008 turreis
1955 966 1995 1008 τι.
2039 940 2143 1006 Anah.

298 1043 1049 1132 ns.11:person.‹teronllnaosonn
1086 1043 1190 1110 Anah.
1209 1041 1262 1126 vl,
1282 1045 1310 1124 1,
1323 1042 1434 1111 26;οδ
1449 1039 1540 1108 πάνυ
1556 1066 1586 1106 τι
1610 1041 1728 1127 νομίζω
1749 1043 1896 1128 &noane
1922 1040 2005 1112 εἶναι
2038 1043 2141 1108 τοῦτο.

297 1149 377 1214 Plan
405 1164 475 1232 hys.
500 1149 562 1214 204
585 1148 628 1214 D:
660 1150 699 1211 or'
720 1145 821 1225 πάνυ,
844 1147 914 1231 ἔφη,
937 1170 968 1208 τι
991 1145 1083 1210 δεινοί
1105 1147 1202 1228 ἐστιν,
1226 1145 1279 1211 ubi
1303 1145 1415 1215 Smllt.

400 1250 443 1317 od
463 1250 516 1334 μα’
538 1251 606 1316 τδν
628 1251 688 1315 At*
712 1299 719 1314 .
744 1300 750 1313 .
776 1298 783 1314 .
806 1248 850 1313 ori
871 1255 942 1332 μὲν
972 1246 1053 1336 οὐν]
1112 1249 1309 1338 Saepissime
1336 1248 1476 1314 occurrit
1499 1245 1575 1312 haee
1600 1248 1739 1330 negandi
1774 1248 1912 1314 formula
1927 1332 1930 1342 Ι
1947 1249 1981 1312 in
2011 1249 2141 1332 scriptia

298 1353 533 1440 Xenophontis,
578 1351 711 1420 Conviv.
737 1350 775 1432 ll,
799 1353 838 1416 4:
863 1349 902 1415 ori
922 1347 971 1434 pri
996 1351 1055 1432 Δί’,
1079 1352 1148 1436 ἔφη,
1169 1348 1411 1436 primaeui-noir
1439 1351 1652 1434 μοροπωλών.
1706 1349 1759 1416 lV.
1787 1349 1820 1416 3:
1849 1350 1887 1417 ori
1914 1349 1964 1434 μοῖ
1992 1350 2050 1416 τὸν
2078 1350 2141 1432 At‘,

296 1458 367 1542 ἔφη,
388 1455 461 1522 orn
483 1456 578 1520 reiro
595 1465 626 1520 et
643 1456 689 1520 sic
705 1454 875 1540 permultis
892 1453 982 1519 locis.
1029 1452 1209 1518 Particulne
1225 1459 1288 1536 μὲν
1310 1457 1370 1518 οὐν
1386 1451 1502 1518 hahent
1518 1453 1583 1518 vim
1598 1453 1738 1536 angendi
1761 1461 1793 1518 et
1809 1453 2008 1536 corrigendi:
2033 1455 2143 1523 immo.

298 1563 397 1627 immo
421 1559 524 1626 vern.
552 1557 600 1623 De
623 1559 771 1623 formulis
797 1568 850 1621 nar
871 1554 920 1640 μδ
942 1553 1000 1620 τδν
1023 1561 1086 1620 Διά
1111 1565 1142 1620 et
1165 1554 1203 1618 nd
1224 1553 1273 1639 μδ
1297 1554 1353 1620 τόν
1374 1559 1438 1618 Δία
1461 1555 1707 1640 disputaverunt
1732 1555 1861 1622 Khhner
1884 1563 1916 1622 et
1941 1555 2069 1642 Sauppe
2098 1557 2140 1623 ad

297 1661 467 1742 Memmi,
490 1665 521 1743 4,
545 1663 575 1740 9,
600 1661 750 1728 Bornem.
771 1659 812 1728 ad
836 1659 968 1726 Conriv.
988 1657 1042 1738 lv,
1069 1660 1118 1724 17.

401 1765 721 1846 οἷγλεοκὲστερον]
770 1761 931 1830 Laconum
956 1769 1006 1826 est
1023 1783 1061 1826 ex
1086 1763 1276 1826 anctoritate
1296 1759 1467 1845 llesyclrii;
1489 1761 1538 1826 bis
1552 1782 1588 1828 eo
1602 1783 1694 1828 usum
1709 1783 1780 1828 esse
1793 1761 2040 1850 Xenophontem
2057 1763 2143 1828 altir-

301 1869 403 1934 mavit
426 1865 553 1946 Snidea
578 1867 669 1932 cuins
693 1865 771 1931 haec
795 1871 870 1930 sunt
885 1863 999 1929 verba:
1023 1863 1170 1944 α’γλτοκὲς
1192 1861 2142 1953 conterminandameveaoraeoronnqt(v111‚3)

297 1969 385 2032 δοκεῖ
411 1971 447 2034 δὲ
469 1967 593 2040 ξενικόν
616 1969 721 2052 ὄνομα
746 1965 923 2033 Σικελικόν·
947 1962 1032 2030 notri
1054 1968 1131 2045 γοῦν
1153 1967 1221 2030 ἐστι
1243 1963 1460 2048 mediterranei
1481 1967 1526 2050 τῴ
1540 1965 1703 2045 'Pindum
1726 1981 1781 2032 ant
1805 1965 2051 2049 α’γλεοκέστερον
2068 1966 2142 2031 α’ντί

296 2072 353 2134 τοῦ
376 2069 570 2156 ἀηδέστερον
592 2070 754 2154 Ξενοφῶν
784 2069 911 2152 Ἱέρωνι.
969 2067 1098 2132 Praeter
1132 2067 1347 2132 Rhinthonem
1381 2089 1419 2132 ex
1456 2065 1668 2133 Doriensibus
1701 2067 1760 2135 hoc
1794 2069 1956 2146 vocabulo„
1982 2090 2057 2134 usus
2094 2076 2143 2133 est

296 2169 509 2256 Epicharmus
532 2175 567 2238 in
588 2172 702 2254 fragm.
721 2171 781 2237 168
798 2170 970 2254 tamensi:
996 2169 1142 2250 ιῖγλεοκές
1156 2167 1222 2234 ἐστ’
1238 2167 1427 2249 ἄνθρωπος.
1467 2169 1615 2234 Ceterum
1633 2170 1877 2254 α’γλεοκέστερον
1895 2173 2078 2258 oppositum
2095 2179 2143 2236 eat

296 2275 613 2360 antecedentiridrov:
625 2275 732 2358 itaque
743 2272 825 2338 illud
837 2273 1025 2338 vertendum
1037 2281 1087 2338 est
1099 2273 1249 2338 minore
1265 2291 1350 2336 cum
1366 2273 1565 2356 appetitu,
1581 2272 1638 2339 hoc
1662 2277 1811 2339 maiore
1828 2295 1871 2339 cn
1880 2295 1911 2339 m
1924 2273 2142 2358 voluptate.

368 2377 369 2382 ’
399 2377 492 2456 §22
517 2382 553 2440 τί
572 2375 659 2460 γάρ]
683 2376 776 2460 quid
801 2376 930 2443 enim?
952 2383 1125 2462 usurpatur
1149 2375 1226 2441 haec
1248 2374 1398 2454 larunda,
1421 2373 1475 2440 nbi
1498 2377 1539 2441 ad
1564 2397 1678 2442 novam
1704 2397 1772 2442 rem
1796 2379 1960 2442 transitur.
2006 2377 2053 2442 De
2077 2377 2141 2442 alio

297 2479 391 2544 huius
412 2478 569 2544 formulae
591 2499 661 2558 usn,
686 2499 747 2562 quo
773 2479 955 2544 affirmandi
979 2479 1043 2542 rim
1067 2477 1172 2557 habet,
1196 2477 1268 2542 ride
1293 2476 1452 2542 Heindorf
1472 2477 1513 2543 nd
1537 2479 1616 2544 Plat.
1638 2477 1777 2564 Sophist.
1794 2479 1858 2544 232
1874 2479 1898 2544 C
1915 2487 1945 2544 et
1963 2479 2004 2544 ad
2031 2477 2142 2545 Horat.

298 2581 411 2662 saal,
436 2581 526 2660 17,
558 2579 677 2657 Herhst
699 2582 741 2645 ad
764 2580 898 2646 Memor.
922 2579 962 2655 ll,
983 2585 1012 2661 δ,
1037 2581 1067 2644 2.
1088 2617 1129 2627 -
1156 2581 1256 2645 Locus
1279 2601 1379 2664 nsque
1403 2582 1443 2646 ad
1476 2586 1568 2647 tinem
1601 2581 1795 2667 paragraphi
1825 2584 1998 2648 vicesimae
2028 2585 2142 2650 tertiae

297 2690 466 2769 excerptus
491 2685 608 2766 legitur
634 2684 719 2768 apud
743 2683 944 2750 Athenaeum
967 2705 997 2769 p.
1024 2685 1081 2747 121
1107 2683 1146 2749 D.
1170 2683 1206 2748 E.

398 2783 681 2871 μηχανήματα]
706 2785 913 2868 eleganter
937 2787 1192 2868 excogitatus
1216 2793 1434 2870 apparatus
1453 2785 1640 2850 «tiliorum.
1664 2787 1767 2852 Stura.
1785 2785 2143 2872 Ροιι1οὶα1τομηχανή-

295 2911 387 2971 ματα
412 2890 563 2954 dicuntur
586 2897 788 2970 σοφίσματα.

398 2990 445 3054 τοὶ
469 2989 619 3055 τούτων
643 2987 821 3076 deleted]
844 2990 978 3055 horum
1011 2987 1174 3054 similia.
1228 2990 1435 3055 Adiectivum
1471 2988 1611 3074 α’δελφός
1646 2999 1677 3055 et
1713 2991 1856 3056 dativum
1892 2998 1924 3056 et
1959 2993 2144 3073 genetivum

296 3093 443 3158 assumit.
489 3092 645 3157 Genetivo
668 3093 857 3175 adiungitur
878 3095 976 3158 etiam
999 3113 1019 3159 a
1041 3093 1174 3158 Platone
1196 3091 1255 3178 Ep.
1288 3091 1356 3168 vn,
1384 3093 1445 3156 337
1475 3089 1522 3158 D:
1548 3093 1654 3159 ταῦτα’
1681 3097 1770 3159 ἐστιν
1797 3091 1927 3176 ἀδελφοὶ
1956 3090 2002 3158 δν
2025 3096 2143 3178 ἐπεχα-

295 3194 439 3279 ρήσαμεν
461 3193 663 3278 συμπρᾶξαι.
709 3192 804 3260 lsocr.
828 3198 857 3261 4.
883 3195 936 3260 71:
969 3193 1099 3280 α’δεὶφιὶ
1128 3195 1164 3260 δὲ
1193 3198 1260 3260 τῶν
1286 3199 1470 3278 εἰρημένων.
1520 3194 1583 3260 Sed
1616 3195 1804 3282 plemmqne
1835 3197 1935 3262 utitur
1966 3196 2143 3281 Xenophon

295 3296 535 3363 adenrodae
558 3317 616 3382 pro
640 3295 682 3360 τοὶ
707 3293 827 3362 τούτων
850 3296 989 3380 ἀδελφά.
1024 3297 1105 3375 Cl.§
1131 3298 1180 3363 13.
1204 3297 1335 3364 Mentor.
1363 3296 1385 3376 1,
1413 3299 1440 3376 l,
1465 3299 1497 3360 i:
1519 3296 1632 3363 πάνια
1656 3297 1698 3362 τοὶ
1720 3301 1859 3364 τοιαῦτα
1880 3297 2068 3382 μαθήματα
2090 3312 2145 3364 καὶ

297 3398 479 3484 α’νδροὶποα
502 3398 610 3492 γνώμῃ
635 3398 761 3483 αἱρετέα
784 3396 930 3483 ἐνόμιζεν
947 3395 1041 3464 εἶναι.
1074 3399 1245 3466 Adiectiva
1267 3399 1405 3482 ὅμοιος
1425 3407 1457 3464 et
1477 3400 1760 3487 παραπλήσιος
1785 3408 1981 3487 usurpantur
2012 3401 2143 3468 Memor.

297 3500 393 3584 lV‚2‚
405 3503 465 3568 28:
489 3521 543 3568 κατ’
566 3509 595 3568 ol
613 3525 646 3566 ee
662 3501 769 3584 ὅμοιοι
785 3499 910 3576 τούτοις
924 3499 1023 3584 ἡδέως
1042 3503 1194 3584 χρῶνται.
1238 3499 1335 3588 Apol.
1357 3502 1416 3566 26:
1439 3510 1692 3587 παραμοδοῑταο
1713 3503 1788 3568 δ’ἔτι
1810 3527 1850 3586 με
1871 3514 1925 3569 καὶ
1945 3503 2145 3587 Παλαμήδης

296 3602 573 3688 δτταραττλοοέος
593 3605 664 3686 ἐμοι
687 3601 883 3687 πλουτήσας.
930 3603 994 3672 Sed
1017 3603 1149 3690 ἀδελφώ
1173 3603 1304 3670 Memor.
1329 3601 1370 3681 n,
1393 3606 1423 3686 3,
1449 3606 1489 3670 19
1509 3615 1585 3672 sunt
1608 3604 1766 3686 gemini.

397 3705 504 3772 neira
539 3711 610 3789 μὲν
648 3703 735 3790 oriri
769 3705 840 3772 scil.
877 3703 1118 3792 κατανενόηκα,
1154 3727 1175 3772 a
1210 3725 1272 3790 quo
1307 3706 1470 3774 intellecto
1505 3707 1600 3772 uerbo
1634 3707 1754 3792 pendet
1786 3708 1946 3774 δοκοοντα
1981 3747 1993 3762 -
2028 3707 2143 3795 ταῦτα.

298 3807 522 3877 Breitenbach.

400 3907 654 3995 ἀνθρώποις]
676 3911 716 3976 de
739 3911 859 3976 omisso
882 3908 1018 3976 articulo
1043 3910 1115 3976 vide
1139 3911 1248 3976 minet.
1272 3911 1315 3975 ad
1338 3913 1357 3988 ξ
1380 3914 1413 3977 2.

399 4016 419 4093 ξ
442 4015 494 4078 23.
517 4015 615 4077 dito
636 4015 687 4093 τι]
711 4035 784 4084 cnm
807 4015 878 4084 sine
902 4013 919 4099 d
942 4014 1084 4098 ponitur,
1109 4014 1394 4098 interrogationem
1418 4013 1536 4083 habent
1559 4013 1629 4082 sola
1652 4013 1749 4082 rerba
1772 4013 1853 4080 ἄλλο
1868 4037 1916 4080 rr:
1941 4013 2065 4098 reliqua
2080 4033 2146 4078 non

297 4126 373 4187 srmt
394 4117 428 4185 in
452 4116 715 4198 interrogatione.
760 4116 895 4182 Prorsus
918 4116 1038 4187 similis
1061 4115 1295 4184 Germanorum
1317 4115 1435 4184 locutio
1459 4124 1509 4182 est
1530 4116 1643 4185 nicht
1663 4116 1788 4184 wahr‘?
1811 4116 1896 4202 quod
1911 4137 1987 4182 cnm
2009 4133 2144 4200 usurpa-

295 4231 358 4300 tur,
383 4219 667 4300 interrogationem
691 4219 914 4300 continerem,
937 4228 973 4284 ut
996 4218 1120 4304 reliqua
1143 4219 1212 4284 sine
1237 4220 1488 4304 interrogatione
1504 4220 1724 4305 proferantur:
1754 4239 1853 4304 quare
1869 4206 1948 4288 haee
1967 4219 2029 4286 dno
2049 4237 2145 4282 roca·

296 4323 374 4392 bula
396 4329 428 4390 et
450 4322 485 4388 in
509 4320 602 4388 initio
627 4326 658 4388 et
680 4322 715 4386 in
737 4323 799 4388 fine
823 4321 974 4388 collocari
997 4327 1144 4408 possunt.
1188 4320 1355 4392 Hermann
1378 4321 1419 4389 ad
1439 4321 1545 4404 Vigor.
1570 4341 1601 4406 p.
1627 4323 1696 4390 730.
1734 4321 1844 4407 ltaque
1867 4322 1902 4388 in
1918 4321 2061 4391 hocloco
2082 4339 2147 4384 non

297 4434 403 4512 potest
425 4425 538 4493 abesse
562 4423 722 4512 particula
745 4425 771 4510 d·
818 4423 965 4490 Ceterum
990 4423 1076 4508 apud
1100 4421 1345 4508 Xenophontem
1364 4425 1397 4490 in
1418 4423 1476 4490 hoc
1493 4423 1623 4490 dicendi
1640 4443 1938 4509 genere-nunquam
1951 4422 2146 4509 particulam

298 4531 444 4595 ridemus
467 4530 633 4592 omissam.
677 4527 781 4592 Anah.
807 4525 860 4608 lV,
884 4526 914 4606 7,
935 4528 972 4588 5:
997 4525 1078 4590 citio
1100 4549 1131 4589 τι
1154 4526 1172 4610 ἢ
1195 4523 1434 4602 itinerantem
1458 4526 1625 4592 Deforme
1641 4525 1722 4591 ἄλλο
1739 4551 1768 4591 τι
1786 4525 1804 4612 ἦ
1820 4547 1861 4592 ex
1877 4525 2145 4613 ellipsiprofectu

297 4631 371 4696 ride
395 4649 477 4716 quae
501 4627 614 4696 Stallb.
637 4627 680 4696 ad
702 4627 783 4693 Plat.
807 4625 982 4714 Entlryphr.
1010 4630 1048 4692 lr'r
1072 4627 1280 4712 Conposuit.

400 4733 617 4814 ἐδέσματα]
640 4729 713 4796 Νο11
737 4729 873 4815 probare
896 4727 1079 4812 ἡδύσματα,
1102 4750 1184 4814 qnae
1207 4739 1283 4796 sunt
1305 4731 1521 4812 condimenta,
1545 4751 1618 4800 cum
1641 4733 1730 4816 ipsos
1752 4730 1841 4798 cibos
1861 4731 1927 4799 dici
1943 4752 1964 4796 a
1979 4729 2145 4796 Simonide

297 4859 337 4899 ex
362 4833 627 4900 antecedentibus
651 4837 816 4917 appareat
850 4831 1074 4899 Breitenbaeh.
1108 4833 1256 4916 'Edenpa
1271 4834 1461 4900 vocabulum
1479 4835 1565 4919 apud
1582 4833 1831 4920 Xenophontem
1854 4855 1919 4902 non
1942 4833 2059 4914 legitur
2082 4833 2145 4898 nisi

296 4941 356 5004 hoc
380 4939 461 5002 loen.
506 4935 554 5000 (Ὺ.
579 4939 603 5014 ς’,
622 4935 680 5002 19;
704 4933 817 5018 conon,
841 4935 960 5001 (ieron.
982 4933 1049 5014 Vll,
1072 4935 1131 4999 ao:
1155 4935 1321 5018 ἐδώδιμος.
