4634 5788
1122 475 1133 484 rr
1208 471 1267 487 ,ΗΑΛ
1283 471 1306 486 uA

286 599 329 669 είς
352 590 409 669 οιίς
430 591 555 680 ἑκάστῳ
579 591 745 674 δυσμενεῖς
774 589 858 678 ηὔδα
884 589 1006 672 λόγους.
1047 589 1123 658 llor.
1152 589 1218 657 Sat.
1251 589 1274 672 l,
1304 591 1334 670 9,
1364 591 1399 656 9:
1442 593 1611 658 inaurem
1643 592 1750 660 dicere
1783 595 1891 659 nescio
1922 593 1999 678 quid
2029 613 2137 678 puero.

287 693 427 762 Martial.
450 693 475 776 Ι,
498 695 555 760 89;
580 699 615 758 ut
638 693 734 779 saepe
758 695 792 760 in
817 713 939 776 aurem,
963 693 1078 774 Cinna,
1102 693 1276 760 Caesarem
1297 693 1420 760 leudes.

390 797 486 878 515.
509 793 1098 884 κακοίνοοῦσιτρίτυράννῳλ
1144 795 1248 883 Saepe
1280 798 1420 862 occurrit
1438 810 1526 862 νοειν
1547 821 1597 882 τι,
1628 819 1654 866 e.
1682 820 1711 883 g.
1746 797 1878 864 Memor.
1915 796 1963 872 ll,
1994 800 2031 879 2,
2060 794 2138 882 9;ἡ

286 900 449 987 μήτηρ..
475 897 602 965 ,οὐδὲν
623 897 726 965 ιιακδν
745 901 889 981 νοοῦσα,·
919 919 992 966 raro
1022 904 1130 966 autern
1160 901 1368 982 coniungitur
1389 919 1461 965 curn
1488 900 1597 967 dativo
1624 921 1794 987 personae.
1847 901 1964 966 Herod.
1992 899 2047 982 ΙΙΙ,
2081 903 2137 967 81:

287 1001 378 1092 δήμῳ
400 1008 462 1088 μίν
483 1025 553 1084 νυν,
577 1010 608 1067 ol
629 1006 771 1096 Πέρσῃσι
793 999 894 1068 κακδν
916 1007 1055 1086 νοέουσι,
1079 994 1168 1068 οὗτοι
1191 1001 1361 1089 χράσθων.

389 1105 408 1180 ξ
435 1107 484 1173 16.
508 1099 642 1190 τοῦτο]
667 1110 702 1170 ut
725 1105 821 1190 paulo
845 1105 1080 1171 introductae
1105 1125 1202 1192 saepo
1218 1103 1421 1171 referendum
1439 1111 1489 1170 est
1505 1106 1546 1171 ad
1562 1106 1596 1171 id
1599 1105 2033 1192 ,quodproximesequitur
2056 1104 2095 1181 ΙΙ,
2109 1105 2138 1170 2.

287 1206 422 1273 Memor.
446 1207 501 1287 ΙΙΙ,
523 1207 554 1285 5,
577 1207 632 1272 19:
657 1205 753 1270 τοῦτο
776 1204 868 1292 reip.
893 1204 1124 1290 ,θαυμαστόν
1144 1209 1223 1292 ἐστι,
1246 1205 1284 1273 τό
1306 1205 1381 1285 τούς
1401 1213 1463 1293 μὲν
1485 1206 1650 1286 τοιούτους
1672 1213 1867 1294 πειθαρχεῖν
1888 1222 1955 1284 τοις
1969 1209 2137 1293 ἐφεστοοσι.

286 1310 335 1376 Ι)ε
357 1310 527 1396 particulis
548 1314 621 1394 μίν
644 1306 691 1392 δή
713 1309 787 1375 ride
811 1311 919 1378 adnot.
944 1310 986 1376 ad
1009 1308 1030 1386 ἓ
1051 1313 1090 1375 4:
1113 1308 1187 1386 τοδς
1203 1316 1265 1394 μίν
1287 1307 1327 1396 δὴ
1349 1309 1489 1388 ἰδιώτας.

388 1427 480 1505 τούς
511 1431 704 1505 ἐπαίνους
736 1427 846 1514 παροὶ
883 1431 959 1495 τῶν
990 1427 1323 1514 elevamentum
1356 1429 1542 1514 ἠδίστους
1573 1427 1701 1516 εἶναι]
1758 1429 1889 1496 Duobus
1928 1428 2134 1515 superlativis

287 1539 420 1599 utuntur
445 1530 571 1612 Graeci,
594 1530 648 1596 uhi
671 1530 777 1598 Latini
805 1531 929 1600 voculis
953 1553 1028 1619 quo
1053 1569 1066 1580 ·
1091 1553 1134 1598 eo
1158 1553 1231 1599 cum
1255 1534 1484 1620 comparativis
1513 1526 1563 1600 vel
1591 1535 1828 1620 utquisque
1852 1570 1865 1581 ·
1889 1535 1949 1599 ita
1979 1553 2051 1600 cum
2083 1551 2136 1596 su-

288 1635 467 1722 perlativis,
497 1634 536 1714 V,
550 1635 581 1699 4.
612 1631 696 1714 VIII,
719 1635 750 1700 4.
793 1633 926 1701 Memor.
951 1635 1005 1716 IV,
1038 1637 1065 1718 1,
1094 1635 1127 1700 3:
1159 1633 1195 1700 αλ
1222 1635 1355 1720 ἄρισται
1383 1637 1538 1703 δοκοῦσαι
1566 1633 1649 1703 εἶναι
1679 1635 1790 1722 φύσεις
1812 1635 1957 1720 μάλιστα
1983 1636 2137 1711 παιδείας

286 1739 428 1804 δέουσαι.
453 1735 501 1803 Ol.
515 1735 582 1803 Cic.
606 1735 646 1802 de
670 1739 723 1802 lio.
748 1736 786 1817 ΙΙ,
810 1739 862 1819 25,
886 1737 943 1803 81:
967 1739 1125 1824 optimum
1149 1739 1288 1825 quidque
1311 1741 1514 1806 rarissimum
1537 1747 1595 1805 est.
1646 1738 1796 1805 Ceterum
1820 1739 1963 1804 nomnda
1985 1745 2035 1804 est
2063 1757 2135 1802 ver·

287 1841 399 1913 borum
423 1840 591 1907 collocatio
612 1841 646 1906 in
662 1838 737 1917 τοδς
758 1841 914 1918 ἐπαίνους
936 1838 1032 1925 παρδ
1054 1843 1119 1908 τῶν
1139 1839 1417 1925 δλευδερατοίταν,
1441 1859 1522 1928 quae
1543 1841 1713 1908 abhorrere
1744 1861 1872 1907 amore
1900 1839 2132 1926 Xenophonteo

286 1945 423 2012 videtur.
451 1942 500 2009 cf.
524 1944 544 2023 ξ
570 1945 625 2009 18:
649 1943 771 2031 ἔκπλεῳ
795 1942 856 2029 γάρ
879 1941 990 2022 αὐτοῖς
1012 1943 1061 2010 αἐί
1083 1949 1389 2031 παρεσκευασμέναι
1412 1994 1418 2009 .
1443 1994 1450 2009 .
1476 1993 1483 2010 .
1508 1993 1515 2010 .
1536 1943 1707 2031 τράπεζαι.
1754 1947 1852 2024 βῗὸε
1876 1954 1931 2010 καί
1951 1943 2016 2008 τῶν
2035 1949 2133 2008 σίτων

288 2049 387 2130 δμδν
409 2047 499 2130 ἔχων.
1678 2037 1683 2048 ’

388 2147 478 2229 ἀλλ’]
503 2149 706 2215 antecedenti
730 2149 908 2234 particulae
930 2153 991 2233 μίν
1013 2149 1198 2236 respondet.
1243 2148 1298 2232 Re,
1323 2169 1420 2236 quam
1441 2157 1537 2220 antea
1553 2151 1828 2230 commemoravit,
1844 2150 1946 2216 missa
1961 2149 2134 2215 transitum

285 2257 379 2339 parat
401 2255 509 2318 orator
531 2251 573 2316 ad
595 2252 754 2334 graviora,
778 2272 860 2338 quae
884 2272 1012 2319 omnem
1035 2254 1247 2320 attentionem
1262 2253 1438 2339 postulent.
1475 2251 1549 2339 Gyr.
1565 2253 1620 2334 ΙΙ,
1637 2254 1667 2333 3,
1688 2253 1744 2318 1o:
1769 2251 1807 2318 οδ
1820 2258 1882 2336 μὲν
1899 2249 1940 2336 δή
1954 2251 1981 2334 γ’
1995 2254 2135 2336 ἔχαιρον,

285 2351 386 2420 esra
408 2363 463 2419 καί
483 2351 576 2437 μάλα
598 2352 746 2439 ἠνιῶντο.
791 2353 876 2420 Hell.
899 2353 943 2435 V,
978 2355 1016 2435 4,
1048 2355 1102 2421 17;
1131 2353 1242 2421 πολλολ
1268 2362 1329 2439 μὲν
1357 2354 1419 2441 reip
1447 2366 1503 2421 καί
1521 2355 1621 2422 data
1647 2361 1741 2440 βίαια
1766 2357 1925 2442 ἐποίησεν,
1951 2353 2053 2438 circio
2081 2364 2136 2420 καί

203 2463 207 2470 ’
282 2454 544 2544 ὑπερβάλλοντος
585 2455 686 2522 αὐτοῦ
716 2505 724 2521 .
760 2505 768 2522 .
806 2505 816 2522 .
851 2455 889 2523 τδ
916 2458 1066 2542 καθῆκον
1091 2459 1144 2524 δπί
1173 2457 1352 2525 θάλατταν
1381 2458 1455 2544 ὄρος
1482 2457 1624 2537 πολλοδς
1654 2509 1662 2524 .
1689 2509 1696 2524 .
1721 2510 1729 2526 .
1759 2457 1855 2535 ὄνους
1886 2455 2136 2543 κατεκρήμνισεν

283 2557 393 2636 αὐτοῖς
415 2557 549 2625 σκεύεσι.

389 2678 464 2763 δρᾷ
470 2676 501 2766 ς]
526 2680 653 2746 mediae
677 2679 826 2762 orationi,
851 2680 936 2766 quod
959 2699 1118 2766 nusquam
1140 2681 1205 2747 nisi
1227 2680 1286 2748 hoc
1309 2681 1379 2749 loco
1403 2683 1490 2769 apud
1502 2681 1749 2770 Xenophontem
1772 2681 1941 2767 reperitur,
1964 2682 2011 2746 ita
2036 2682 2136 2746 inter-

284 2787 426 2872 positum
451 2791 509 2866 est,
530 2790 566 2851 ut
589 2783 897 2868 significetaltsrum
921 2783 980 2852 tihi
1001 2805 1067 2852 non
1092 2805 1188 2871 posse
1212 2805 1278 2852 non
1301 2787 1487 2867 concedere,
1510 2787 1550 2854 ds
1574 2806 1637 2872 qua
1659 2805 1694 2852 re
1716 2784 1878 2852 Heindorf
1895 2784 1937 2851 ad
1952 2783 2034 2850 Plat.
2051 2783 2135 2850 Prot.

285 2889 358 2970 336,
382 2888 423 2954 B:
448 2886 530 2970 ἄλλ’,
553 2885 640 2972 δρᾷς,
663 2889 733 2972 ἔφη,
757 2885 783 2952 ιδ
804 2883 981 2971 Σώκρατες,
1004 2888 1117 2954 δίκαια
1150 2888 1240 2953 δοκεῖ
1262 2888 1363 2968 λέγειν
1384 2887 1614 2972 Πρωταγόρας.
1660 2887 1818 2954 similiter
1840 2892 1999 2974 usurpant
2027 2886 2135 2953 Latini

286 2989 439 3075 ,‚vides“
462 2997 494 3058 et
515 3011 574 3057 nos
598 2989 754 3072 „eichst
777 2987 859 3055 du.“

389 3110 456 3177 οοίι
472 3161 501 3178 ..
522 3107 597 3197 ἔτι]
615 3132 679 3177 non
696 3111 858 3194 significat
872 3109 1109 3196 nonamplius‚
1126 3111 1184 3180 ssd
1207 3132 1287 3177 non
1309 3111 1404 3182 iam.
1428 3131 1506 3176 non
1527 3111 1641 3176 item.
1685 3108 1725 3191 ΙΙ,
1745 3111 1801 3176 14;
1825 3107 1898 3175 οίδὲ
1913 3111 2043 3192 ἔχουσιν
2056 3107 2137 3194 ἤδία

285 3213 316 3281 οί
335 3215 372 3280 δν
393 3227 465 3297 ταῖς
486 3211 600 3280 πόλεσι
623 3211 707 3296 πρδς
728 3211 789 3289 τοῖς
810 3209 930 3297 πόλεις,
952 3209 1058 3277 ταῦτα
1082 3211 1187 3278 edalo:
1211 3215 1341 3296 ἔχουσιν
1363 3211 1394 3279 oc‘
1415 3211 1581 3298 τύραννα.
1633 3212 1738 3279 Anah.
1763 3211 1789 3294 Ι,
1813 3212 1863 3294 10,
1895 3212 1950 3277 la:
1979 3209 2136 3295 ἀνεστρά-

260 3337 397 3402 ,φησαν
420 3313 452 3382 ολ
473 3313 559 3402 cippi
580 3317 729 3398 βασιλέα,
751 3314 844 3389 πεζοί
865 3319 927 3397 μὲν
949 3311 1054 3380 οδκδτι
1083 3362 1091 3379 .
1125 3316 1164 3382 de
1183 3336 1256 3382 ren.
1281 3314 1322 3398 V,
1348 3317 1400 3381 14:
1423 3314 1467 3380 roi
1485 3321 1546 3400 μὲν
1573 3313 1633 3382 οδν
1660 3317 1737 3382 λίαν
1762 3313 1881 3397 νεογνοί
1909 3313 1940 3380 oi
1967 3313 2137 3399 φιλοσυνο-

284 3425 375 3501 rma:
399 3417 520 3504 α’φιοῑσι
542 3418 582 3510 τῇ
604 3417 689 3506 θεῷ·
713 3415 744 3482 οδ
765 3417 802 3484 δὲ
823 3415 886 3504 ἤδη
907 3417 1001 3482 lasso:
1029 3414 1170 3500 τάχιστα
1193 3423 1310 3484 δέουσι
1332 3417 1391 3486 τδν
1411 3421 1544 3505 πρῶτον
1566 3417 1700 3505 δρόμον,
1724 3417 1799 3495 τοδς
1821 3419 1857 3485 δὲ
1879 3417 1999 3494 ἄλλους
2021 3415 2136 3482 οιλιιέτι.

387 3539 428 3604 δν
449 3537 605 3620 αυτοῖς]
652 3537 821 3605 Notandus
845 3544 895 3605 est
917 3558 995 3604 usus
1016 3538 1220 3624 pronominis
1244 3535 1342 3615 αδτδς
1364 3539 1398 3604 in
1421 3537 1550 3604 casibus
1573 3537 1713 3624 obliquis
1737 3557 1796 3624 pro
1819 3533 1914 3613 οὗτος
1940 3536 1991 3632 pel
2022 3538 2138 3610 ἐκεῖνος

284 3659 476 3726 praegresso
499 3640 628 3708 nomine
651 3641 759 3726 aliquo
784 3641 931 3708 relativo.
976 3641 1080 3708 Anah.
1104 3639 1175 3723 ΙΙΙ,
1201 3641 1229 3724 1,
1255 3640 1309 3706 12:
1331 3641 1472 3706 ἐκέλευεν
1495 3689 1502 3705 .
1526 3690 1534 3705 .
1562 3690 1569 3705 .
1594 3690 1602 3706 .
1625 3653 1868 3725 προσανοιπειν,
1883 3637 1917 3716 ὂς
1931 3637 1974 3704 ἄν
1988 3635 2033 3723 μή
2047 3635 2137 3730 παρῇ

285 3791 292 3808 .
323 3790 330 3806 .
358 3791 381 3826 .,
410 3740 459 3807 ὅτι
488 3741 586 3820 αδτδς
619 3741 721 3810 adsto
751 3742 945 3810 οιίτιοὶσεται.
1001 3741 1077 3829 Lys.
1113 3742 1266 3827 XXVIII,
1305 3745 1361 3811 13:
1377 3739 1459 3810 Ιὅσοι
1495 3745 1531 3810 δὲ
1561 3742 1775 3819 κατελθόντες
1801 3745 1836 3808 ἐν
1865 3744 2065 3828 δημοκρατίᾳ
2099 3735 2137 3804 τὰ

283 3850 345 3928 μὲν
377 3843 532 3929 δμίτερον
563 3846 693 3932 πλῆθος
727 3845 886 3931 dornoso,
913 3843 988 3923 τούς
1016 3846 1052 3914 δὲ
1084 3847 1186 3924 ἰδίους
1211 3851 1317 3924 οἴκους
1342 3848 1378 3912 dx
1401 3845 1467 3912 cciv
1496 3844 1657 3929 ὑμετέραν
1685 3843 1843 3928 μεγάλους
1870 3845 2021 3924 ποιοῦσι,
2052 3839 2139 3908 note

284 3947 412 4030 μᾶλλον
439 3945 549 4024 αὐτοῖς
567 3946 719 4035 προσήκοι
741 3947 930 4034 ὀργίζεσθαι
949 3947 969 4034 ἢ
988 3961 1054 4025 τοϊς
1075 3945 1263 4032 τριάκοντα.

388 4051 409 4130 ξ
433 4051 483 4116 17.
505 4060 572 4116 καί
591 4047 684 4117 οίδοί
706 4054 764 4132 γε]
810 4051 930 4118 Locum
951 4051 1026 4120 hinc
1045 4071 1146 4137 usque
1169 4053 1209 4118 ad
1233 4054 1329 4118 finem
1352 4051 1547 4138 paragraphi
1571 4053 1746 4118 vicesimae
1768 4051 1930 4136 excerpsit
1952 4049 2138 4115 Athenaeus

388 4253 512 4344 τούτῳ
535 4253 765 4343 κρίνουσιν]
811 4255 900 4322 lnlra
923 4255 977 4339 ΙΙ,
1000 4257 1036 4320 8:
1059 4254 1100 4321 οιΙ
1121 4253 1183 4340 γαρ
1204 4256 1250 4342 τῷ
1274 4254 1408 4343 α’ριθμῴ
1431 4253 1505 4322 οὔτε
1526 4253 1569 4320 τοί
1585 4253 1694 4321 πολλοὶ
1709 4260 1850 4340 κρίνεται
1878 4252 1952 4319 οὔτε
1971 4252 2014 4317 τοί
2028 4249 2138 4318 anecd.

285 4357 419 4424 Memor.
443 4357 499 4440 ΙΙΙ,
521 4359 552 4440 9,
575 4359 613 4422 4:
636 4359 682 4446 τῷ
704 4357 746 4424 τοί
768 4364 829 4442 μὲν
851 4356 940 4423 ιιαλοὶ
960 4382 994 4424 τε
1014 4367 1070 4424 καί
1092 4355 1210 4440 dyada?
1233 4357 1450 4439 γιγνώσκοντα
1482 4359 1629 4443 χρῆσθαι
1653 4353 1763 4434 adroic
1788 4367 1844 4422 καί
1868 4358 1915 4444 τῷ
1946 4354 1989 4420 τοὶ
2016 4351 2138 4438 αἰσχροὶ

284 4459 394 4525 είδδτα
416 4460 627 4544 εὐλαβεῖσθαι
650 4459 756 4546 σορόν
777 4485 811 4526 τε
833 4471 888 4526 καί
909 4459 1065 4547 σώφρονα
1086 4463 1218 4545 ἔκρινεν.
1260 4463 1307 4528 De
1330 4461 1456 4551 τούτῳ
1479 4463 1554 4529 vide
1576 4461 1686 4528 adnot.
1709 4461 1751 4528 ad
1774 4463 1792 4539 Ι
1816 4464 1866 4528 16.

387 4583 522 4645 πίνειν
547 4589 613 4644 καί
634 4581 798 4646 δσδίειν.
846 4581 896 4647 od
918 4579 958 4662 Ι,
981 4579 1037 4646 94:
1061 4578 1167 4666 αδτοὶρ
1192 4581 1304 4648 δπίνε
1322 4592 1377 4648 καί
1391 4589 1475 4669 ἦσθε
1490 4581 1661 4665 διάκτορος
1681 4577 1890 4666 ἀργειφόντης
1908 4587 1941 4646 et
1956 4579 2137 4646 sexcenties

286 4681 373 4766 apud
396 4679 573 4748 Homerum
596 4680 702 4767 αδτοίρ
722 4685 791 4747 ἐπεί
812 4680 929 4760 πδσιος
950 4690 1006 4747 καί
1024 4681 1155 4768 ἐδήτυος
1175 4683 1209 4757 ἐξ
1230 4687 1305 4770 ἔρον
1326 4691 1410 4751 ἕντο.
1455 4685 1561 4752 Multa
1582 4684 1736 4771 exempla
1757 4683 1881 4749 ordinis
1904 4683 1939 4749 in
1963 4681 2023 4749 hac
2047 4681 2138 4748 simi·

286 4784 434 4870 libusque
455 4785 603 4852 lormulis
628 4785 742 4854 mutati
764 4784 895 4870 collegit
914 4784 1066 4852 Borncm.
1089 4786 1131 4851 ad
1155 4785 1289 4854 Conviv.
1313 4787 1367 4868 ΙΙ,
1391 4789 1430 4854 37
1455 4808 1486 4874 p.
1512 4787 1583 4853 135.

389 4903 450 4970 ὅτι
473 4904 637 4971 δοκοῦσι
660 4915 724 4971 καί
748 4904 865 4972 αὐτοὶ
888 4903 1004 4991 ἥδιον
1024 4905 1073 4972 ἄν
1096 4906 1313 4991 δειπνῆσαι
1337 4906 1381 4972 ιδ
1404 4907 1495 4992 ἧμιν
1509 4909 1843 4990 παρατιθέμενον
1860 4903 2049 4982 δείπνου]
2090 4901 2138 4967 De

287 5009 395 5073 causis
426 5027 482 5074 cor
509 5008 572 5075 cibi
594 5029 704 5092 regum
729 5010 795 5076 sint
817 5010 1045 5096 exquisitiores
1068 5010 1142 5076 vide
1165 5008 1239 5094 Οτι.
1262 5009 1347 5092 ΙΙΙΙ,
1372 5013 1401 5094 2,
1424 5012 1446 5074 4
1469 5031 1516 5096 sq.
