4634 5788
1110 355 1259 368 ruva-uuna
1263 355 1280 367 u
1284 355 1302 366 n

289 468 417 534 Latinos
430 471 560 554 quidem
573 473 746 558 scriptores
760 471 799 539 ab
813 474 873 540 hac
888 475 1011 540 ratione
1026 473 1229 541 abhorruisse
1242 475 1323 542 satis
1338 479 1474 542 constat.
1509 473 1575 540 Cic.
1591 473 1630 538 de
1644 479 1724 540 orat.
1737 472 1761 556 Ι,
1775 474 1827 555 33,
1843 474 1918 538 149:
1933 473 2070 539 Crassus
2083 473 2132 538 in·

285 574 363 656 quit.
387 573 426 656 ΙΙ,
450 577 479 657 8,
503 576 560 640 31;
606 575 740 642 Catulus
764 579 877 662 inquit.
902 577 1137 663 Saepenumero
1161 578 1260 664 ἕοηε
1283 580 1413 644 nomine
1437 599 1494 644 suo
1514 577 1685 643 'divellitur
1706 579 1874 644 interiecto
1905 575 2013 661 aliquo
2036 596 2132 642 voca-

285 675 368 742 bulo.
425 677 504 745 Plat.
538 679 655 747 Plraerl.
692 683 732 746 78
766 681 804 748 Ε.
833 683 933 758 οὕτως
955 679 1009 764 αδ,
1032 683 1102 767 ἔφη,
1135 683 1252 766 ταῦτα,
1279 682 1298 748 δ
1325 687 1436 767 Κέβης.
1486 680 1585 748 (lonv.
1616 683 1677 746 175
1700 680 1745 746 Ε;
1777 677 1928 766 δβριστής
1948 675 1984 764 ei,
2007 674 2132 773 impii

284 779 459 868 Σώκρατες,
483 783 501 850 δ
523 783 692 867 Ἀγάθων.

388 885 510 952 ὁποῖα
545 888 589 974 δὴ
626 889 696 970 ι’γιδ
724 891 888 972 βέλτιον
911 887 960 954 δν
981 889 1130 972 εἰδείην
1157 887 1242 976 σοῦ]
1268 909 1367 974 quae
1391 887 1564 973 quidem,
1588 889 1648 954 uti
1669 893 1832 954 cunstat
1849 887 1960 952 inter
1982 907 2132 966 omneS,

284 990 433 1056 rectius
456 1013 528 1074 ego
549 995 734 1059 noverim
757 1013 869 1077 quam
893 999 944 1057 tu.
979 989 1018 1076 δή
1040 991 1200 1077 particula
1223 989 1377 1056 uocabulo
1404 990 1537 1057 relativo
1568 991 1722 1058 adiuncta
1746 990 1872 1076 pondus
1903 989 1996 1056 addit
2025 988 2132 1072 verbo,

285 1092 370 1176 qnod
393 1107 450 1178 per
474 1115 508 1160 se
532 1103 712 1181 spectatum
735 1098 827 1182 parvi
851 1097 1006 1162 momenti
1030 1103 1089 1161 est.
1113 1094 1170 1166 ΙΙΙ,
1194 1094 1229 1158 8:
1254 1089 1292 1158 οδ
1315 1090 1355 1178 δὴ
1377 1091 1418 1159 οδ
1432 1095 1606 1178 ἐπιθυμῶν
1617 1091 1792 1177 τυγχάνεις.
1826 1093 1959 1160 Memor.
1976 1092 2014 1175 ll,
2029 1094 2057 1174 1,
2074 1093 2132 1158 m:

285 1195 363 1278 ὅπερ
385 1195 425 1281 δή
448 1207 502 1262 καὶ
523 1200 684 1276 πλείστοις
706 1201 933 1265 ἐπιδείκνυται.

387 1297 511 1376 οὕτως
534 1300 652 1378 ὄντος
675 1302 800 1385 σοφοῦ
826 1299 1001 1388 α’νδρόςΙ.
1045 1298 1254 1386 Hyperbaton
1277 1303 1326 1364 est
1349 1300 1383 1364 in
1407 1297 1524 1382 οὕτως,-
1559 1297 1782 1364 collocandum
1815 1319 1931 1385 nempe
1958 1305 2028 1365 erat
2056 1302 2130 1363 ante

285 1405 399 1485 σοροῦ.
426 1404 506 1471 Vide
521 1408 540 1484 §
553 1409 611 1470 ao:
626 1405 712 1471 rroid
735 1407 771 1471 δὲ
794 1417 847 1471 καὶ
861 1405 895 1471 αἱ
917 1412 1093 1491 θεραπεῖαι
1115 1403 1150 1470 αἱ
1174 1401 1242 1470 aad
1265 1404 1331 1468 τῶν
1352 1407 1503 1486 μέγιστον
1526 1401 1718 1488 ορονοσσιδν
1740 1401 1951 1487 εδιμραίνοιισι
1974 1401 2130 1487 μάλιστα.

286 1504 453 1574 ltasolent
474 1508 594 1592 μάλα,
624 1508 740 1590 πάνυ,
770 1511 871 1592 λίαν,
899 1507 1012 1592 nora
1036 1510 1102 1575 alia
1124 1508 1293 1590 seiungia
1321 1507 1462 1587 nomine,
1495 1505 1537 1572 ed
1567 1505 1652 1590 quod
1682 1507 1854 1590 pertinent,
1883 1508 1974 1572 ouius
2004 1506 2132 1589 generis

285 1609 434 1696 exempla
457 1613 700 1678 cumulaverunt
723 1611 977 1676 Bornemann
1008 1612 1048 1677 ad
1079 1611 1213 1677 Conviv·
1242 1611 1266 1693 1,
1296 1612 1319 1676 4
1348 1631 1378 1697 p.
1401 1613 1461 1698 46,
1491 1610 1624 1696 Poppo
1656 1610 1707 1676 ad.
1731 1610 1804 1696 Cyr.
1827 1610 1851 1692 1,
1880 1615 1910 1691 6,
1939 1611 1990 1676 39.
2039 1609 2131 1675 Post-

285 1713 415 1796 ponitur
438 1712 537 1792 οὕτως
564 1737 641 1782 suae
662 1718 731 1780 voci
752 1716 849 1782 simul
872 1715 938 1782 alia
960 1716 1082 1782 inserta
1104 1715 1230 1781 Hellen.
1248 1713 1303 1796 vl,
1323 1715 1351 1796 1,
1366 1715 1424 1780 lb:
1449 1713 1483 1791 δς
1500 1713 1657 1798 φρόνιμος
1672 1711 1827 1798 prouoco
1843 1710 2018 1798 στρατηγός
2034 1713 2132 1778 ἐστιν.

286 1815 394 1900 Neque
419 1820 488 1884 sine
513 1820 660 1905 exemplo
684 1827 732 1886 est
755 1818 839 1884 πολύ
863 1821 1081 1906 comparativo
1104 1839 1162 1884 suo
1193 1817 1419 1904 postpositum.
1469 1815 1542 1902 Cyr.
1572 1815 1596 1897 Ι,
1628 1819 1658 1897 6,
1689 1817 1745 1882 21;
1775 1817 1830 1882 ἐπὶ
1860 1817 1896 1882 δὲ
1924 1813 1962 1880 τδ
1984 1827 2132 1900 κρεῖσσον

284 1917 399 1984 τούτοιν
421 1919 516 2005 πολύ,
536 1920 573 1988 εδ
595 1920 727 1998 ἑκόντας
747 1927 941 2006 πείθεσθαι,
965 1921 1047 2007 ἄλλο
1065 1917 1172 2006 (δδδς)
1189 1923 1256 1986 ἐστι
1272 1925 1510 2006 συντομωτέρα.

387 2024 406 2101 {t
429 2024 459 2089 2.
505 2021 597 2089 οἶδά
619 2043 669 2106 σε,
692 2025 783 2110 ἔφη,
807 2021 894 2110 ἐγώ]
919 2031 954 2088 σε
978 2043 1051 2090 curn
1074 2024 1255 2090 urbanitate
1279 2023 1418 2110 quadem
1441 2023 1576 2090 voculae
1597 2021 1656 2104 ἐγώ
1677 2025 1895 2110 praemissum
1920 2029 1978 2092 est.

386 2128 441 2217 πῇ
463 2123 678 2214 διαφέρει].
725 2127 827 2213 Saepe
851 2135 958 2194 rectae
982 2127 1203 2211 interrogandi
1225 2128 1348 2194 formae
1372 2127 1469 2194 etiarn
1492 2128 1526 2191 in
1544 2125 1675 2212 obliqua
1690 2129 1835 2194 oratione
1852 2128 2076 2210 admittuntur,
2094 2147 2133 2194 ac

285 2228 353 2292 lieri
377 2229 505 2312 quidem
528 2230 561 2295 irl
584 2231 710 2296 videtur
733 2252 804 2296 curn
829 2231 938 2316 aliqua
959 2217 1114 2297 orationis
1137 2232 1180 2297 vi.
1227 2229 1468 2296 Memorabilior
1494 2231 1584 2298 locus
1610 2237 1660 2296 est
1685 2230 1818 2297 Memor.
1850 2230 1904 2313 lv,
1933 2231 1964 2312 4,
1995 2231 2045 2312 13,
2077 2229 2132 2295 ubi

286 2336 418 2416 utraque
441 2333 546 2400 forma
568 2333 681 2399 eadem
705 2335 737 2398 vi
761 2333 848 2398 dicta
868 2341 928 2400 est:
954 2333 992 2398 οδ
1013 2331 1074 2419 γάρ
1097 2317 1315 2416 αἰσθάνομαί
1328 2350 1398 2417 σου,
1422 2331 1539 2400 ὁποῖον
1561 2331 1701 2418 νόμιμον
1722 2332 1741 2419 ἢ
1762 2347 1860 2399 ποῖον
1880 2333 2008 2400 δίκαιον
2024 2335 2131 2414 λέγεις.

284 2433 392 2500 blinus
416 2455 490 2500 rara
511 2443 587 2502 sunt
609 2436 757 2520 obliquae
780 2435 1042 2520 interrogationis
1055 2435 1215 2521 exempla,
1238 2437 1271 2500 in
1289 2437 1404 2522 quibus
1419 2438 1561 2524 primum
1578 2443 1695 2518 rectae,
1712 2436 1829 2503 deinde
1845 2436 1993 2522 obliquae
2009 2437 2133 2503 turmae

284 2537 501 2605 inveniuntur.
531 2539 605 2606 Vid.
630 2540 758 2626 Sauppe
782 2539 824 2605 ad
845 2539 978 2605 liemon.
1002 2540 1027 2620 Ι,
1050 2541 1081 2622 2,
1103 2540 1155 2604 36.

384 2648 440 2718 εἰς
460 2641 722 2729 εδφροσδνας]
747 2644 852 2729 quod
874 2645 1030 2710 attinet
1052 2644 1096 2710 ad
1120 2641 1363 2726 uoluptates.
1398 2643 1472 2709 Oec.
1485 2641 1606 2723 XVIII,
1632 2642 1665 2706 l:
1684 2646 1728 2716 είς
1749 2639 1855 2706 τοῦτο.
1897 2638 1942 2722 ΙΙ,
1964 2640 1999 2704 4;
2020 2645 2084 2716 εἰς.
2102 2689 2131 2706 ..

284 2739 321 2808 εδ
343 2741 403 2810 σδν
425 2745 544 2831 σχῆμα.
587 2745 692 2812 Anah.
714 2746 738 2828 Ι,
761 2748 791 2827 9,
817 2749 871 2812 16:
887 2751 931 2822 οἷς
953 2769 985 2826 με
1006 2744 1072 2831 μὴν
1094 2745 1302 2832 δικαιοσύνην
1331 2752 1361 2812 εἴ
1384 2771 1432 2823 τις
1455 2745 1546 2834 αὐτῷ
1572 2743 1713 2832 φανερὸς
1734 2749 1857 2826 γένοιτο
1883 2745 2134 2810 ἐπιδείκνυσθαι

283 2845 485 2930 βουλόμενος.
535 2849 574 2925 ΙΙ,
598 2852 628 2932 6,
659 2849 716 2916 ab:
733 2847 809 2915 ,οὔτ’
834 2856 877 2926 εἰς
904 2849 1018 2933 prtia-v
1041 2845 1160 2926 αδτοδς
1188 2849 1357 2932 ἐμέμφετο.
1409 2849 1459 2915 De
1487 2850 1728 2936 praepositione
1756 2853 1800 2925 εἰς
1828 2847 1893 2915 vid.
1930 2847 2136 2914 Heindorf

285 2948 326 3016 ad
348 2947 428 3016 Plet.
451 2950 526 3035 Lys.
549 2952 612 3018 aba
635 2951 672 3018 li.
688 2951 784 3018 Aliae
805 2953 1063 3037 praepositiones
1088 2951 1202 3017 eodem
1224 2952 1320 3018 modo
1345 2959 1551 3038 usurpantur.
1596 2953 1668 3038 Cyr.
1692 2952 1717 3035 Ι,
1739 2953 1769 3033 6,
1800 2953 1854 3018 15:
1880 2961 1935 3017 και
1956 2960 2044 3034 περὶ
2071 2955 2132 3034 μὲν

284 3054 404 3136 τροφῆς
432 3057 590 3140 ἐπείσθην
629 3053 745 3122 ἱκανόν
778 3052 860 3122 εἶναι
890 3053 1048 3138 δπάρχον.
1102 3053 1267 3120 Demosth.
1298 3055 1337 3120 de
1366 3055 1451 3121 falsa
1478 3056 1540 3139 leg.
1569 3074 1601 3141 p.
1630 3055 1708 3121 343:
1745 3051 1830 3120 α’λλοί
1860 3051 1926 3140 μὴν
1963 3053 2066 3137 ὑπὲρ
2101 3076 2134 3135 γε

284 3157 341 3222 τοῦ
362 3171 481 3240 προῖκα
503 3157 521 3242 ἢ
542 3157 596 3242 μή,
618 3157 655 3222 τδ
676 3164 737 3241 μὲν
758 3159 792 3224 ἐκ
813 3155 936 3224 τούτων
956 3155 1148 3241 λαμβάνειν,
1164 3154 1296 3243 ἐξιδνὴ
1323 3156 1417 3234 πόλις
1446 3157 1645 3241 βλάπτεται,
1668 3181 1791 3234 παντες
1822 3153 1883 3222 οἶδ’
1917 3156 1965 3222 ὅτι
1999 3155 2133 3242 φήσαιτ’

284 3259 327 3326 δν
338 3258 421 3326 εἶναι
433 3261 739 3346 astronomiae
751 3260 958 3346 «torpedines.
991 3261 1099 3327 Latini
1112 3262 1159 3328 sic
1171 3269 1330 3348 usurpant
1340 3264 1615 3348 praepositionem
1627 3263 1691 3329 de:
1709 3262 1821 3329 Cicero
1832 3261 1875 3328 ad
1890 3261 1992 3328 famil.
2010 3261 2050 3343 ΙΙ,
2077 3262 2129 3326 17:

284 3364 324 3429 de
355 3365 533 3434 rationibus
556 3365 735 3432 referendis
759 3385 823 3430 non
846 3371 916 3431 erat
937 3364 1177 3430 incommodum
1199 3371 1231 3431 te
1254 3366 1377 3431 nullam
1401 3367 1529 3432 reterre.
1551 3366 1607 3448 ΙΙΙ,
1632 3367 1688 3432 12:
1712 3365 1758 3432 de
1792 3385 1844 3430 mo
1865 3370 1974 3432 autem
2003 3365 2131 3450 suscipe

283 3467 449 3552 paulisper
471 3475 692 3554 measpartes
716 3474 841 3535 etcum
863 3475 894 3534 te
917 3470 1106 3551 omolingc,
1130 3470 1183 3554 qui
1206 3491 1278 3535 sum
1301 3491 1369 3552 ego.

388 3569 660 3657 deliquium]
685 3571 821 3638 Dativus
842 3571 975 3638 ethicus.
998 3571 1164 3638 Articulns
1186 3573 1272 3658 apud
1303 3572 1483 3656 ἄνθρωπος
1516 3572 1754 3639 substantivum
1781 3573 1886 3638 omitti
1911 3571 2003 3653 solet,
2034 3573 2063 3636 si
2091 3570 2131 3637 de

287 3693 404 3754 genere
427 3674 460 3738 in
483 3677 669 3740 universum
687 3681 864 3742 sermoest.
885 3675 958 3741 Vid.
983 3675 1165 3742 Bornem.
1190 3677 1233 3741 ad
1255 3676 1328 3760 Gyr.
1351 3675 1375 3758 Ι,
1399 3677 1429 3758 2,
1454 3676 1483 3741 7.
1512 3676 1668 3742 Erasmus
1687 3676 1797 3742 vertit:
1815 3675 1916 3760 „quid
1931 3675 2131 3741 discriminis

283 3777 327 3841 sit
351 3776 434 3842 inter
457 3778 557 3844 vitum
579 3781 702 3862 regiam
723 3787 754 3846 et
777 3780 1054 3876 interminatam,
1079 3785 1234 3866 qnantum
1257 3780 1373 3846 attinet
1396 3780 1438 3844 ad
1461 3799 1516 3862 ea,
1548 3799 1630 3864 quae
1650 3779 1702 3846 vel
1724 3779 1923 3865 voluptatem
1953 3779 2004 3845 vel
2031 3778 2132 3846 mole-

284 3879 380 3946 stiam
402 3877 541 3948 afferuut
555 3881 770 3950 bominibus.“

387 3984 406 4061 ἓ
430 3982 459 4047 3.
504 3988 539 4046 τί
562 3981 630 4050 οδν
654 3981 739 4067 origi
761 3994 831 4050 καὶ
854 3984 898 4050 ori
922 4035 929 4050 .
955 4035 962 4050 .
990 3983 1279 4071 .δπέμνησοις,·]
1302 3986 1342 4052 cf.
1366 3985 1499 4051 Memor.
1524 3984 1578 4066 IV,
1601 3987 1631 4066 6,
1653 3984 1708 4050 14:
1733 3988 1765 4048 ri
1785 3981 1846 4050 οδν
1862 3981 2132 4067 οδκέκεῖνοπριδ-

283 4086 630 4171 acemanecestriae,
653 4092 684 4154 τί
705 4089 795 4154 ἐστιν
815 4091 908 4172 ἔργον
928 4088 1061 4170 ἀγαθοῦ
1083 4091 1218 4155 πολίτου
1224 4113 1236 4171 ,·
1264 4087 1346 4154 Plet.
1369 4088 1454 4154 Prot.
1479 4088 1541 4154 317
1565 4087 1609 4153 D:
1633 4092 1664 4152 τί
1691 4084 1751 4153 obv
1774 4085 1813 4152 οδ
1835 4085 1999 4171 Πρόδικον
2024 4087 2131 4152 ἐκαλέ-

283 4205 409 4270 σαμεν,-
431 4188 521 4258 llaec
543 4191 752 4274 interrogatio
775 4191 977 4258 alacritatem
1007 4193 1169 4277 quandam
1193 4198 1225 4258 et
1246 4192 1434 4258 aviditatem
1460 4190 1585 4256 sciendi
1614 4191 1746 4274 indicat,
1779 4191 1845 4256 iere
1874 4197 1910 4256 ut
1943 4189 2131 4255 Latinorum

285 4293 377 4374 quin
401 4299 456 4358 aut
478 4295 575 4378 quin
598 4295 730 4377 igitur
752 4315 826 4362 curn
848 4295 1024 4361 indicativo
1047 4296 1238 4381 praesentis.
1284 4293 1351 4360 Cio.
1368 4294 1410 4360 ad
1431 4294 1508 4360 iam.
1533 4293 1603 4375 Vll,
1620 4296 1655 4360 8:
1673 4295 1800 4379 quintu
1816 4313 1911 4377 urges
1927 4291 2130 4358 occasionem

284 4395 401 4462 istam?
425 4396 734 4482 crepemus:
777 4398 860 4484 quin
877 4400 1049 4464 continetis
1072 4419 1198 4482 vocem,
1229 4397 1371 4464 indicem
1399 4397 1556 4464 stultitiae
1581 4393 1733 4461 vestrae?
1765 4395 1842 4462 Sall.
1870 4393 1938 4460 Cat.
1964 4391 2044 4476 XX,
2074 4393 2130 4458 14:

284 4499 361 4582 quin
384 4500 483 4582 igitur
505 4501 792 4586 expergiscimini?
811 4501 910 4568 Usum
935 4499 1019 4567 hune
1042 4501 1200 4587 exemplis
1224 4500 1400 4567 illustravit
1428 4500 1644 4567 Schneiderus
1671 4500 1714 4564 ad
1742 4499 1877 4566 Memor.
1900 4497 1963 4580 ΙΙΙ,
1994 4498 2043 4581 11,
2074 4499 2130 4564 15:

284 4606 315 4665 τι·
339 4598 398 4668 odo
421 4601 459 4667 οδ
480 4602 521 4668 σδ
551 4627 606 4686 μοι
633 4606 743 4684 ἐγένεο
769 4601 997 4690 σννθηρασιῂς
1017 4600 1083 4670 τῶν
1104 4605 1225 4690 pilam
1246 4604 1362 4671 Rarior
1384 4605 1418 4670 in
1438 4604 1498 4671 hac
1521 4603 1660 4671 formula
1684 4610 1734 4670 est
1759 4622 1836 4668 usus
1857 4603 2013 4688 temporis
2037 4621 2131 4687 prae-

284 4705 395 4770 sentia.
418 4705 551 4771 Memor.
575 4706 629 4788 ΙΙΙ,
655 4710 683 4790 1,
707 4705 763 4770 10:
792 4711 824 4770 τί
843 4704 905 4772 οδν
927 4705 966 4772 οδ
984 4706 1189 4791 σκοποῦμεν,
1220 4706 1301 4773 Plat.
1326 4705 1453 4790 Protag.
1476 4707 1540 4773 310
1559 4705 1601 4772 Ε;
1624 4710 1655 4770 τί
1671 4703 1710 4771 οδ
1731 4703 1907 4788 βαδίζομεν
1922 4701 2133 4788 παράδτόν,

284 4807 462 4875 Rarissime
484 4811 819 4896 usurpaturtuturum.
864 4811 941 4876 Eur.
965 4809 1094 4895 Hippol.
1120 4809 1222 4874 1060:
1247 4806 1271 4875 ιδ
1296 4813 1378 4890 θεοί,
1400 4814 1432 4874 τί
1453 4809 1536 4894 δι’μα
1560 4807 1742 4894 τοδμδνόδ
1761 4807 1848 4874 λύσω
1870 4806 1997 4890 στόμα,·

321 4945 324 4954 ’
387 4911 610 5000 ὑπέμνησοὶς
631 4938 677 4998 με
699 4910 748 4978 cd
770 4913 810 4978 ἐν
838 4913 892 5002 τῷ
912 4913 1109 5000 ἰδιωτικῷ
1138 4909 1215 4997 βίῳ]
1246 4912 1285 4978 cf.
1318 4911 1401 4978 Hell.
1430 4911 1469 4994 ΙΙ,
1496 4913 1527 4996 3,
1548 4913 1604 4978 30:
1641 4910 1820 4998 α’ναμνήσιο
1844 4909 1927 4995 ὑμᾶς
1958 4908 2001 4974 roi
2030 4907 2133 4998 τούτῳ
