4634 5788
1012 312 1215 418 .-.lim

284 517 327 582 τά
349 517 421 605 γάρ
444 568 451 583 .
476 568 483 583 .
507 517 776 604 ύπερβάλλον,
798 522 916 586 τοῦτο
938 526 1104 605 παρέχει
1129 521 1199 599 τάς
1220 519 1378 609 ἡδονάς]
1404 524 1444 590 cf.
1470 525 1512 604 ἐξ
1535 527 1586 592 21.
1617 524 1669 603 25,
1701 525 1753 589 32.
1804 525 1902 606 Agee.
1930 524 1954 606 Ι,
1982 523 2035 590 34.

142 651 146 658 ·
183 618 239 701 lv,
260 619 291 684 4.
337 619 384 685 De
408 620 467 687 hoe
488 641 549 686 usu
573 620 775 706 pronominis
796 622 1042 688 demonstrativi
1065 630 1140 710 post
1158 627 1332 711 participia
1354 645 1428 691 cum
1450 625 1586 692 articulo
1615 627 1787 694 coniuncto
1814 647 1879 692 non
1908 627 2035 693 sineri

185 722 323 808 quadem
352 729 384 788 et
410 724 567 808 grovimte
590 723 675 790 illoti
698 723 773 789 vide
795 723 936 806 Mutum,
959 727 1042 792 eust.
1066 725 1121 793 Gr.
1143 727 1174 792 d.
1198 747 1244 810 gr.
1268 726 1339 813 Spr.
1364 728 1473 808 5469,
1490 731 1520 793 4.

286 844 368 922 518.
379 841 502 919 πάντες
520 839 707 930 ἅνθρωποι]
732 843 904 932 Nunquam
921 845 1157 914 substantivum
1180 847 1366 932 ἄνθρωποι,
1390 846 1443 913 ubi
1466 867 1537 912 cum
1562 847 1683 924 πάντες
1699 847 1750 913 vel
1768 847 1912 925 άπαντες
1928 849 2033 932 iungi-

184 953 247 1026 tur,
260 946 432 1011 'urtioulum
445 947 592 1028 essumIt
603 946 661 1012 sed
674 947 745 1012 sine
757 947 824 1014 ullo
835 950 1024 1034 exceptione
1038 949 1176 1034 legimus
1187 949 1310 1029 πάντες
1332 952 1518 1035 ἅνθρωποι.
1553 949 1623 1023 vll,
1647 953 1685 1016 3:
1704 953 1740 1018 ἐν
1756 950 1885 1029 άπασιν
1902 947 2034 1037 deded-

182 1072 266 1126 ποις.
303 1047 400 1114 Mem.
424 1048 448 1130 Ι,
471 1050 501 1130 2,
528 1051 562 1115 l:
586 1046 722 1114 πάντων
741 1047 938 1134 ἀνθρώπων.
974 1051 1029 1134 lv,
1046 1052 1078 1133 4,
1104 1053 1158 1118 19:
1183 1063 1238 1118 καλ
1260 1051 1321 1136 γάρ
1343 1051 1438 1138 παρά
1459 1055 1565 1118 πᾶσιν
1588 1051 1782 1138 ἀνθρώποις
1797 1053 1928 1137 πρῶτον
1942 1058 2033 1137 νομί-

182 1151 270 1226 ζεται
292 1149 391 1228 θεούς
412 1157 528 1236 σέβειν.
562 1149 666 1216 Anub.
691 1149 731 1232 V,
754 1154 785 1230 6,
809 1154 845 1218 I:
869 1151 900 1218 τί
920 1151 1042 1232 πάντες
1064 1153 1251 1240 ἄνθρωποι.

285 1273 432 1360 ἔκπλεῳ
455 1270 527 1356 γάρ
549 1269 691 1348 αδτοτς
713 1271 774 1336 αἐἱ
795 1279 1177 1359 παρεσκευασμέναι
1201 1324 1208 1340 .
1233 1325 1241 1340 .
1265 1273 1307 1340 αί
1327 1271 1542 1360 τράπεζαι]
1566 1275 1688 1342 dictum
1717 1281 1767 1340 est
1790 1296 1848 1361 pro
1871 1272 2034 1358 τράπεζαι

183 1371 293 1450 αι’τοϊς
316 1373 365 1439 olei
387 1380 701 1461 παρεσκευασμέναι,
723 1375 804 1440 ὥστε
818 1376 940 1463 ἔκπλεῳ
964 1373 1057 1442 εἶναι.
1102 1375 1397 1464 Frequentissimus
1420 1384 1469 1443 est
1493 1377 1700 1465 Xenophonti
1722 1378 1773 1444 hio
1796 1399 1875 1443 usus
1899 1377 2034 1444 adiecti-

181 1499 304 1560 vornm,
327 1499 423 1564 quem
446 1487 563 1546 vocant
582 1479 808 1566 prolepticum.
853 1479 926 1566 Cpr.
948 1480 1003 1564 1v,
1023 1483 1052 1560 2,
1077 1481 1113 1547 3:
1137 1479 1176 1547 τδ
1189 1479 1304 1548 τούτου
1322 1480 1428 1563 ὄνομα
1439 1486 1593 1564 μέγιστον
1615 1479 1731 1567 ηὔξητο
1773 1483 1890 1548 Οοοου.
1913 1480 1952 1562 V,
1978 1481 2032 1546 15:

181 1579 239 1646 τδν
261 1579 321 1648 ούν
341 1583 503 1666 μέλλοντα
525 1581 563 1649 εδ
577 1580 772 1669 γεωργήσειν
791 1584 841 1649 δεῖ
860 1581 934 1660 τούς
955 1583 1154 1668 έργαστήρας
1175 1592 1230 1648 καὶ
1251 1581 1445 1668 προθύμους
1459 1580 1730 1665 παρασκευάζειν.
1765 1583 1900 1650 Οουνίν.
1916 1583 1955 1666 ΙΙ,
1977 1580 2033 1650 25;

182 1681 272 1767 ὀρθά
293 1709 326 1750 τε
348 1683 481 1758 αὔξεται
504 1697 559 1750 καὶ
580 1684 755 1751 θάλλοντα
779 1683 962 1771 α’ῳικνετται
990 1691 1034 1763 είς
1055 1684 1114 1770 τήν
1129 1690 1362 1770 καρπογονίαν.
1399 1683 1562 1771 Exempla
1577 1685 1671 1752 huius
1688 1687 1859 1754 locutionis
1872 1686 2034 1773 permulto

184 1787 314 1872 collegit
342 1786 505 1854 Heindorf
523 1788 565 1854 ud
587 1787 669 1854 Plat.
691 1787 777 1854 Prot.
801 1788 863 1854 327
885 1787 928 1853 B:
959 1784 1053 1866 οὗτος
1078 1787 1243 1873 ἐλλόγιμος
1263 1785 1397 1875 ηὐξήθη.
1444 1785 1554 1874 Neque
1578 1809 1651 1856 roro
1675 1791 1761 1876 apud
1784 1790 1917 1857 Latmos
1941 1788 2033 1855 nobis

185 1893 326 1958 occurrit
347 1889 399 1958 hic
422 1911 500 1957 usus
523 1891 686 1967 adiectivi,
710 1897 746 1956 ut
759 1889 850 1974 virg.
874 1891 956 1956 Aen.
983 1887 1039 1970 ΙΙΙ,
1062 1891 1142 1957 508:
1170 1891 1224 1957 Sol
1248 1890 1314 1955 ruit
1344 1891 1466 1958 interea
1489 1899 1522 1958 et
1541 1898 1668 1958 montes
1691 1892 1882 1958 umbrantur
1904 1892 2031 1978 opaci.

183 1993 231 2060 De
252 1993 464 2061 collocatione
486 1994 658 2061 verborum
681 1992 754 2059 vide
777 1993 886 2061 adnot.
910 1994 952 2060 ad
975 1995 995 2072 ἕ
1020 1994 1069 2060 16.

285 2108 447 2198 πρῶτον
470 2162 477 2178 .
499 2162 535 2180 ..
562 2115 700 2179 ἔπειτα
724 2108 783 2198 δέ]
808 2113 930 2178 οωίεεο
954 2115 989 2179 in
1011 2115 1118 2200 priore
1141 2113 1284 2192 membro
1304 2118 1375 2197 μέν,
1407 2114 1498 2179 cuius
1529 2115 1657 2196 generis
1686 2114 1816 2181 dicendi
1851 2134 1924 2180 rare
1958 2119 2033 2180 sunt

182 2216 269 2302 apud
291 2217 447 2284 orationis
470 2216 631 2302 pedestris
654 2217 829 2302 scriptores
854 2216 1013 2302 exemplo.
1052 2215 1154 2282 Multo
1172 2217 1302 2302 saepius
1314 2216 1452 2299 legimus
1468 2217 1601 2298 πρῶτον
1615 2223 1700 2300 μέν.
1722 2267 1730 2281 .
1754 2215 1950 2282 .ἔπειεανο1
1963 2211 2032 2281 εἶτα

184 2321 305 2387 omisso
318 2321 363 2386 δέ.
397 2319 574 2387 Memorob.
589 2319 614 2402 Ι,
630 2320 661 2401 2,
687 2322 720 2384 1:
740 2321 874 2402 πρῶτον
893 2325 955 2404 μὲν
978 2317 1181 2405 οἷῳροδισίων
1202 2331 1258 2386 καὶ
1273 2316 1411 2404 γαστρδς
1420 2317 1559 2384 πάντων
1571 2317 1762 2401 ἀνθρώπων
1772 2321 2033 2402 ἐγκρατέστατος,

182 2421 250 2489 εἶτα
262 2422 542 2508 καρτερικώτατος.
576 2421 815 2508 Nonnunquam
828 2421 1022 2488 antecedens
1038 2421 1170 2505 πρῶτον
1188 2426 1248 2504 μὲν
1272 2439 1374 2508 neque
1395 2423 1508 2488 ἔπειτα
1533 2441 1635 2508 neque
1658 2417 1727 2486 εἶτα
1749 2441 1853 2507 neque
1877 2422 1974 2489 etium
1997 2421 2033 2488 δέ

182 2527 233 2592 vel
254 2525 323 2593 ulla
344 2526 410 2592 elio
430 2525 591 2612 porticulo
614 2526 768 2611 sequitur,
792 2531 828 2590 ut
849 2524 984 2592 Memor.
1008 2523 1047 2598 11.
1074 2527 1101 2590 1.

286 2649 307 2728 ξ
331 2648 381 2712 19.
403 2649 532 2712 έκεῖνο
553 2642 595 2711 εδ
620 2643 691 2710 οἷδ’
713 2644 774 2710 ὅτι
796 2654 862 2711 καὶ
883 2642 929 2710 οὐ
952 2646 1139 2729 ἔμπειρος
1159 2639 1208 2730 εἴ]
1231 2645 1333 2710 ἐκεῖνο
1356 2664 1422 2710 non
1444 2644 1649 2712 referendum
1672 2644 1801 2711 videtur
1823 2641 1923 2712 ederi
1948 2641 2032 2726 οἶδα,

183 2751 242 2818 sed
264 2752 306 2817 ud
328 2751 476 2834 ἔμπειρος
498 2749 706 2816 adiectivum.
752 2747 940 2816 Sexcenties
967 2748 1054 2814 enim
1077 2747 1215 2830 legimus
1236 2743 1273 2812 ού
1294 2743 1364 2830 οἶδ’,
1386 2743 1423 2812 εδ
1448 2753 1531 2830 ἴσθι,
1552 2745 1588 2812 εδ
1611 2743 1723 2831 οἶσθα,
1743 2748 1838 2830 δοκῶ,
1865 2747 1955 2830 δρᾷς,
1968 2746 2034 2813 ulia

183 2855 295 2922 addita
316 2851 368 2918 vol
391 2853 514 2919 omissa
535 2850 584 2918 ὅτι
606 2851 767 2936 porticula
789 2852 916 2919 mediae
939 2851 1040 2918 inseri
1054 2850 1204 2932 orationi,
1221 2869 1284 2935 qua
1298 2871 1332 2915 re
1352 2850 1552 2934 significatur
1567 2857 1680 2936 putare
1697 2851 1881 2936 loquentem
1898 2851 2032 2920 ulterius

182 2957 278 3023 fidem
308 2955 359 3020 vel
387 2974 557 3020 assensum
586 2954 699 3022 deesse
727 2953 789 3020 sibi
818 2975 882 3020 non
911 2974 1020 3041 posse.
1073 2951 1152 3018 Vide
1184 2952 1397 3020 Breitenbaoh
1427 2953 1469 3019 ed
1497 2952 1616 3020 Oecon.
1641 2953 1682 3035 ll,
1708 2953 1757 3020 13.
1803 2952 1914 3039 Neque
1931 2955 2033 3019 έκεῖνο

182 3059 371 3126 mutandum
403 3063 453 3124 est
482 3059 518 3122 in
546 3059 678 3141 ἐκείνου,
709 3057 796 3142 quod
825 3057 967 3124 Zcunius
994 3056 1118 3142 recepit
1149 3077 1191 3124 ex
1223 3059 1357 3142 utroque
1391 3054 1544 3134 Stobae03
1574 3075 1649 3122 num
1681 3061 1831 3122 neutrum
1865 3075 1966 3140 genus
2001 3061 2034 3120 et

183 3161 417 3228 adiectiromm
440 3164 472 3226 et
495 3161 721 3245 pronominum
745 3159 929 3228 liberiorem
952 3160 1069 3228 hebere
1091 3180 1187 3228 usum
1207 3166 1337 3246 praeter
1367 3160 1469 3228 multa
1494 3161 1560 3226 ulio
1591 3160 1740 3246 exemplo
1767 3159 1885 3228 docent
1915 3159 2032 3228 Oecon.

183 3262 224 3346 ΙΙ,
249 3265 302 3330 16:
325 3270 441 3338 οίτινες
461 3267 584 3328 ἕκαστα
606 3263 919 3348 δπιστημονέστατοί
940 3269 998 3327 είσι
1021 3261 1087 3329 τῶν
1105 3263 1141 3328 δν
1162 3265 1201 3355 τή
1222 3261 1325 3348 πόλει,
1338 3270 1370 3332 ot
1383 3262 1458 3348 Cyr.
1470 3262 1526 3344 III,
1548 3263 1578 3330 3.
1603 3263 1637 3328 9:
1659 3260 1870 3348 ἐπιστήμονες
1890 3261 1925 3328 δὲ
1946 3258 2034 3348 ήσαν

182 3364 225 3432 τά
245 3361 463 3450 προσήκοντα.
1806 3413 1810 3418 -

286 3482 333 3549 τα
360 3480 530 3568 περιττά
563 3483 640 3549 τῶν
672 3480 838 3570 ἱκανῶν]
871 3484 990 3570 plura
1022 3505 1137 3572 quam
1170 3493 1395 3552 consumat.
1441 3486 1618 3553 Genetivus
1654 3486 1845 3572 postulatur,
1879 3485 1965 3572 quod
1998 3487 2033 3552 in

180 3585 330 3672 περιττός
357 3587 517 3653 adiectivo
546 3587 634 3653 notio
662 3588 748 3654 inest
775 3587 998 3673 comparativi.
1049 3588 1123 3673 (lyr.
1150 3587 1238 3667 vul,
1269 3590 1299 3669 2,
1329 3591 1386 3656 21:
1415 3587 1552 3656 ἐπειδάν
1579 3588 1645 3654 τῶν
1681 3587 1869 3673 α’ρκούντων
1896 3580 2032 3674 περιττά

181 3689 371 3776 κτήσωνται.
418 3686 516 3774 Hipp.
541 3686 610 3770 Vll,
634 3689 667 3754 I:
690 3687 766 3766 τοδς
787 3689 824 3756 δὲ
844 3689 1014 3774 περιττούς
1034 3693 1090 3778 τῆς
1111 3693 1257 3778 φυλακῆς
1276 3699 1306 3757 εί
1324 3697 1386 3775 μέν
1406 3715 1455 3770 τις
1477 3689 1638 3778 στρατιάν
1659 3693 1743 3775 ἔχειν
1762 3689 1925 3778 ἡγήσεται,
1945 3689 2033 3778 δλίγη

182 3792 271 3880 amq
292 3805 456 3878 φανεῖται.
500 3789 605 3858 Anah.
628 3790 684 3873 lv,
706 3791 737 3874 8,
763 3793 819 3858 ll:
848 3790 1092 3877 περιττεύουσιν
1114 3793 1205 3879 ήμῶν
1226 3794 1257 3860 oi
1277 3797 1438 3879 readeptus.
1484 3794 1618 3861 Conviv.
1638 3792 1693 3875 lv,
1715 3794 1773 3859 35:
1802 3793 2032 3879 περιττεύοντα

181 3896 236 3980 τῆς
258 3892 420 3980 δαπάνης.

285 4015 362 4079 τῶν
382 4018 548 4100 μετρίως
569 4011 866 4100 διαιτωμένων]
888 4016 963 4082 vide
987 4016 1096 4082 adnot.
1119 4017 1160 4083 ad
1184 4017 1203 4098 ξ
1225 4020 1259 4085 8:
1282 4019 1347 4084 τῶν
1367 4023 1502 4101 μετρίως
1521 4015 1712 4097 διαγόντων.

285 4118 305 4197 ξ
327 4115 380 4182 20.
402 4114 422 4201 ή
445 4113 568 4203 ψυχή]
592 4122 628 4182 ut
649 4135 880 4202 nonnunquam
904 4124 953 4184 est
974 4119 1101 4185 libido
1121 4121 1254 4203 animi,
1278 4141 1347 4204 eg.
1361 4121 1434 4206 (lyr.
1455 4119 1479 4202 Ι,
1496 4119 1526 4202 3,
1552 4121 1611 4186 18:
1634 4125 1754 4205 μέτρον
1776 4120 1812 4188 δὲ
1834 4118 1925 4206 αὐτῷ
1936 4117 2032 4204 οδγή

182 4219 282 4308 ψυχή,
306 4217 379 4286 αλλ’
400 4217 418 4285 o‘
438 4216 539 4302 νόμος
559 4221 657 4304 ἐστίν,
680 4221 726 4287 ita
748 4219 809 4287 hoc
831 4220 901 4288 loco
925 4222 1086 4306 signifieat
1108 4225 1346 4309 appetitum
1369 4222 1524 4290 edendi
1544 4228 1584 4288 et
1605 4221 1793 4289 bibendi.
1842 4222 1976 4289 Memor.
2007 4221 2030 4302 I,

183 4325 213 4405 2,
235 4327 273 4389 4:
295 4320 418 4408 ταύτην
439 4319 501 4406 γάρ
523 4319 583 4409 τήν
604 4321 673 4396 έξιν
693 4321 834 4410 ύγιεινήν
849 4347 883 4390 τε
905 4323 1023 4402 ἱκανάς
1043 4320 1127 4391 εἶναι
1149 4335 1203 4392 καλ
1224 4323 1285 4412 τήν
1309 4325 1365 4411 τῆς
1393 4326 1519 4410 ψυχῆς
1546 4325 1734 4408 ἐπιμέλειαν
1762 4321 1819 4388 ode
1846 4323 2032 4408 ἐμποδίζων

182 4425 253 4512 ἔφη.
297 4425 372 4510 (lyr.
395 4423 451 4505 vl,
478 4425 509 4505 2,
536 4423 593 4491 28:
619 4423 703 4509 μετά
733 4425 769 4492 δέ
801 4424 860 4493 τὸν
889 4439 982 4492 σῖτον
1013 4424 1074 4492 δάν
1106 4423 1197 4495 οἶνον
1230 4430 1440 4513 ἐπιπίνωμεν,
1474 4425 1571 4495 οὐδὲν
1602 4439 1694 4511 μεῖον
1726 4429 1845 4511 ἔχουσα
1878 4427 1897 4512 ηι
1928 4425 2032 4512 ψυχή

182 4526 424 4595 ἀναπαύσεται.

286 4633 307 4712 ἓ
329 4634 382 4699 21.
406 4630 565 4712 οδκοῦν]
591 4633 732 4700 maxime
757 4639 940 4719 usurpetur,
966 4635 993 4699 si
1017 4634 1056 4714 is,
1080 4635 1134 4719 qui
1158 4633 1344 4716 interrogat,
1366 4633 1511 4720 postulat
1532 4633 1792 4698 affirmationem.
1838 4631 1916 4698 Fere
1944 4633 2031 4700 idern

183 4743 241 4818 est,
277 4735 363 4822 quod
399 4735 487 4821 apud
518 4735 653 4803 Lutinos
676 4757 808 4801 nonne
832 4735 992 4818 igitur?‚
1017 4757 1150 4802 nonne
1175 4735 1291 4819 ergo?
1334 4737 1418 4815 Quid
1446 4737 1489 4801 sit
1519 4735 1719 4802 discriminis
1746 4736 1832 4800 inter
1860 4733 1976 4802 οδκούν
2001 4745 2033 4805 et

181 4838 299 4906 οὔκουν
326 4838 500 4922 diligenter
523 4840 673 4924 exposuit
696 4837 840 4908 Ksdrner.
865 4837 1001 4905 Excute.
1026 4838 1070 4904 lII
1094 4839 1134 4904 orl
1158 4835 1293 4904 Memor.
1317 4859 1348 4924 p.
1371 4839 1552 4905 olo-523.

285 4938 356 5007 τδυ
378 4939 530 5026 ἑκάστῳ
555 4940 753 5025 ἡδόμενον
773 4939 967 5023 μάλιστα,
992 4940 1136 5007 τούτου
1160 4991 1167 5006 .
1191 4991 1198 5006 .
1223 4991 1231 5005 .
1254 4939 1530 5022 ἐρωτικώτατα
1550 4937 1671 5026 ἔχειν]
1693 4941 1714 5005 i.
1738 4959 1770 5026 q.
1793 4939 1859 5024 ὅσῳ
1887 4943 2032 5026 μάλιστα

1826 5045 1846 5109 3
